3604 5552
308 437 372 502 166
502 396 511 405 ’
883 433 1005 490 snavn

305 601 387 684 quod
407 601 454 664 ait
476 597 645 682 ‘dispulit',
667 600 702 663 id
723 604 766 664 est
787 599 937 681 stupent.
1005 614 1209 662 nonnvrnvs
1231 613 1310 662 oms
1329 597 1431 682 elegit
1455 597 1587 664 verbum

307 711 418 790 aptum
436 705 608 791 naufragio
633 705 673 770 ad
699 704 889 770 eliciendam
913 703 1182 770 misericordiam:
1208 703 1356 788 quamvis
1380 707 1414 768 et
1436 704 1475 768 de
1499 705 1587 770 nari-

308 813 366 878 bus
390 812 516 879 ‘natat'
540 813 659 878 lectum
683 813 740 895 sit,
764 817 801 876 ut
823 814 935 876 natat
962 815 1079 876 uncta
1107 811 1247 876 carina.
1338 837 1514 876 ranrrrnrs
1533 813 1587 876 od·

269 934 283 950 ·
306 921 484 986 mucimus
500 942 559 1002 per
580 939 744 1002 syncopen,
766 921 905 1001 quotiens
928 919 1048 1000 syllaba
1065 919 1101 982 rte
1119 919 1217 982 aredio
1239 917 1438 984 subtrahitur.
1471 919 1590 984 ctbcue

190 1027 194 1036 '
272 1025 534 1104 a‘aduauimus'‚
558 1028 649 1108 ociosi
671 1028 725 1091 uir
747 1031 775 1090 ot
797 1031 973 1110 opportune.

396 1135 471 1200 539.
508 1151 605 1210 Qvon
621 1150 736 1198 acnvs
755 1149 825 1199 noc
845 1133 1033 1197 nonmvn?
1052 1131 1212 1196 rhetorice
1226 1131 1468 1216 vituperaturos
1483 1155 1590 1198 mores

308 1263 373 1306 non
396 1240 436 1304 ad
460 1239 622 1305 Didonem
645 1239 803 1323 loquitur,
827 1240 882 1304 sed
908 1238 947 1304 ad
972 1238 1104 1304 tertiam
1128 1259 1161 1302 se
1186 1238 1311 1303 confert
1333 1260 1516 1322 personam.

309 1373 428 1420 ornare
447 1372 528 1412 aruc
549 1373 609 1412 rhu
628 1373 761 1412 araarrn
781 1372 892 1418 naara,
902 1372 925 1411 r.
940 1371 962 1410 r.
993 1345 1065 1410 benc
1087 1365 1185 1410 mores
1207 1350 1458 1429 amaturae,
1480 1351 1516 1410 ut
1536 1345 1591 1410 lur-

308 1456 444 1520 manitas
460 1455 587 1536 patriae
603 1453 710 1534 potins
733 1471 795 1516 esse
817 1453 965 1516 ardutur.

257 1585 290 1632 10
398 1561 472 1626 540.
508 1577 675 1626 noemma
697 1566 922 1624 recurrantur
941 1577 1106 1623 channaa
1128 1562 1165 1623 nt
1185 1557 1265 1623 alibi
1283 1557 1459 1644 litusque
1480 1582 1591 1646 roga-

310 1690 403 1750 mus3
427 1666 614 1750 occupantis
638 1669 688 1730 est
711 1665 796 1730 enim
820 1665 984 1749 possessio
1008 1666 1125 1731 litoris.
1172 1665 1254 1730 unde
1278 1666 1494 1730 ostenduntur
1522 1688 1591 1732 cra·

311 1775 399 1838 deles
433 1773 489 1858 qni
521 1772 620 1838 etiam
653 1796 672 1836 a
704 1771 928 1837 communibus
958 1771 1163 1855 prohibeant
1254 1798 1387 1838 acarrrro
1404 1799 1593 1840 raonranura

311 1905 452 1947 araavrr
478 1884 513 1944 ut
543 1879 620 1944 alibi
653 1879 813 1961 litusque
844 1898 1016 1961 reparans
1046 1879 1255 1944 innocuum.
1306 1879 1379 1944 titus
1411 1879 1494 1943 eriim
1525 1879 1594 1944 iure

284 1973 286 1977 ’
308 1989 447 2070 pentiurn
469 2007 627 2052 commune
650 1985 791 2050 amabis
811 1985 876 2065 fuit
897 1990 926 2050 et
947 1986 1123 2068 occupantis
1141 1985 1254 2050 solebat
1272 1986 1337 2050 ures
1354 2005 1417 2051 esse
1433 1988 1593 2068 possesne

261 2117 293 2164 15
312 2095 415 2160 Cicero
438 2096 473 2158 in
497 2093 655 2158 Rosciana
678 2112 761 2157 narn
783 2093 949 2173 quidest
971 2097 1044 2156 tarn
1072 2111 1269 2170 commune,
1296 2112 1406 2174 quarn
1433 2095 1595 2175 spiritus

311 2203 419 2279 aivis,
443 2205 542 2265 terra
564 2201 736 2282 mortuis,
758 2219 857 2263 mare
883 2199 1176 2280 fluctuantibus,
1206 2199 1297 2264 titus
1319 2201 1468 2265 eiectis?
1515 2201 1596 2264 reuda

245 2309 248 2314 ’
312 2309 513 2374 ostuiduntur
535 2308 667 2372 audebas
688 2308 743 2389 qui
765 2308 858 2372 etiarn
880 2327 902 2369 a
924 2305 1134 2370 cornmunibus
1150 2305 1343 2387 prohibeant.

402 2414 476 2480 541.
509 2440 603 2480 aaran
626 2440 713 2480 araur
737 2415 772 2478 id
797 2418 841 2478 est
866 2416 992 2477 mouent.
1037 2417 1066 2476 et
1088 2413 1159 2476 bene
1184 2409 1291 2476 ‘cient'
1319 2417 1349 2476 et
1370 2411 1502 2477 ‘ouant'
1524 2435 1597 2496 per-

312 2503 417 2586 ntanet
437 2521 473 2586 in
496 2522 586 2586 mtto
603 2541 750 2604 persona,
777 2541 816 2585 nc
842 2540 891 2585 eos
920 2521 955 2584 in
976 2519 1032 2584 bac
1062 2520 1208 2585 barbaras
1234 2524 1263 2583 et
1288 2520 1412 2584 inmites
1440 2520 1596 2602 appellare

261 2647 295 2698 uo
313 2629 461 2692 uideatur.
507 2649 580 2694 sune
601 2630 637 2692 iu
653 2629 811 2711 principio
834 2627 1011 2710 undatius,
1034 2626 1083 2692 bic
1107 2629 1170 2702 iarn
1193 2628 1377 2692 umuwtius.
1467 2645 1594 2692 Palua-

315 2753 384 2812 Qvu
407 2751 547 2799 varrus
571 2752 784 2802 consrsrsau
808 2751 922 2800 ranan
945 2733 977 2798 id
1001 2736 1051 2799 est
1073 2733 1107 2798 in
1126 2734 1235 2816 litore,
1258 2736 1295 2798 ut
1316 2733 1397 2799 alibi
1420 2738 1538 2819 tuque
1562 2759 1596 2820 0,

316 2841 376 2905 oui
399 2839 524 2924 prima
548 2839 774 2906 frementem
797 2840 900 2905 fudit
928 2861 1065 2923 equum
1094 2858 1231 2923 magno
1260 2838 1383 2906 tellus
1411 2863 1597 2924 percussa

316 2946 490 3012 tridenti.

406 3055 481 3118 542.
522 3071 703 3119 nonsatis
741 3071 838 3118 ARnA
871 3054 1042 3118 mortalem
1079 3053 1342 3136 possibilitatem.
1398 3077 1475 3120 sane
1507 3079 1598 3121 arma

264 3183 298 3231 25
318 3161 418 3226 etiam
441 3161 576 3226 consilia
599 3161 799 3245 significant,
825 3163 861 3225 ut
885 3181 1071 3245 quaerere
1095 3161 1273 3225 conscius
1298 3184 1409 3226 arma.
1459 3163 1515 3227 sed
1537 3162 1598 3227 hoc

237 3253 240 3262 ¹
316 3268 389 3332 loco
413 3271 515 3333 terret
537 3269 677 3336 latenter
704 3271 838 3353 propter
866 3265 1026 3350 Siciliam3
1053 3289 1129 3332 nam
1158 3272 1191 3333 et
1213 3268 1310 3351 paulo
1334 3272 1409 3352 post
1436 3269 1483 3334 ait
1507 3269 1598 3333 ‘sunt

318 3379 352 3439 et
384 3371 502 3440 Siculis
534 3375 722 3460 regionibus
755 3373 876 3456 nrbes',
908 3395 981 3438 cum
1009 3397 1108 3438 unam
1138 3373 1282 3440 habeant
1310 3375 1344 3439 in
1371 3397 1435 3460 qua
1462 3373 1597 3442 Acestes

318 3485 445 3566 regnat:
477 3481 532 3546 sed
563 3482 604 3546 ad
633 3486 789 3546 terrorem
820 3479 949 3545 ‘urbes'
981 3481 1098 3564 posuit.
1190 3479 1359 3548 *raunrrrs
1386 3485 1515 3564 [auum]
1537 3503 1598 3565 pro

319 3590 531 3671 contempnitis
548 3611 607 3672 per
628 3589 810 3671 aphaeresin
832 3589 960 3670 dictura,
987 3609 1065 3670 quiae
1093 3594 1137 3654 cst
1159 3610 1228 3654 cunr
1245 3590 1355 3671 prima
1376 3591 1459 3655 verbi
1480 3589 1598 3672 sultam

266 3714 300 3762 30
319 3695 499 3762 detrahitur.
544 3696 603 3760 olii
626 3695 788 3760 ‘mortalia
810 3693 917 3758 anna'
936 3716 996 3776 pro
1018 3694 1212 3760 humanitate
1233 3693 1425 3778 accipiunt*

394 3914 410 3959 3
433 3907 525 3978 natat]
546 3909 578 3962 A.
599 3907 637 3962 IV
656 3913 707 3962 398
731 3909 740 3976 ΙΙ
766 3914 797 3962 10
817 3905 951 3976 litusque]
972 3907 1004 3962 A.
1023 3907 1073 3959 Vll
1095 3913 1145 3960 999
1168 3907 1178 3976 ΙΙ
1202 3912 1234 3961 15
1255 3905 1283 3960 in
1303 3905 1451 3976 Rosciana]
1473 3911 1519 3973 96,
1540 3907 1594 3973 19ξ

322 3983 352 4030 91
374 3981 460 4045 tuque
480 3980 509 4048 ⁰l
528 3995 623 4049 georg.
643 3979 655 4032 l
676 3985 707 4032 19
731 3979 741 4046 11
765 3983 798 4032 95
818 3977 967 4048 quaerere]
984 3978 1017 4032 A.
1038 3977 1062 4030 ll
1082 3983 1115 4030 99

393 4181 409 4228 9
428 4174 577 4229 liciendam
599 4173 622 4226 0
641 4176 651 4243 ΙΙ
674 4181 690 4229 8
708 4173 898 4228 inhumanitas
917 4172 1005 4242 patria
1024 4175 1143 4228 euomuit
1162 4166 1309 4242 Scioppius
1327 4175 1337 4243 ΙΙ
1361 4180 1394 4227 10
1412 4193 1534 4228 sosarmo
1550 4215 1556 4227 .
1573 4216 1600 4228 ..

322 4245 490 4316 prohibeant
508 4261 558 4299 om.
579 4245 627 4314 Gtt
651 4251 683 4298 19
702 4244 854 4314 prohibent
870 4245 941 4298 ΒΜ
960 4245 971 4313 ΙΙ
995 4250 1027 4297 14
1045 4245 1190 4314 occupatis
1210 4245 1233 4300 0
1253 4248 1262 4313 ΙΙ
1287 4253 1319 4300 19
1339 4247 1376 4299 ort
1395 4263 1417 4300 u.
1438 4252 1489 4299 541
1509 4245 1591 4301 Cient

322 4319 455 4372 innocent
472 4317 538 4386 (lupe
560 4315 589 4370 id
612 4319 656 4370 est
677 4317 809 4382 mouent).
829 4314 925 4369 Prima
942 4315 1030 4386 terra]
1053 4316 1082 4369 id
1105 4319 1149 4370 est
1171 4315 1200 4370 in
1223 4317 1304 4371 litore
1329 4357 1380 4371 ...
1405 4316 1528 4371 tridenti.
1551 4317 1577 4370 P
1600 4317 1603 4386 Ι

324 4395 356 4442 19
375 4388 464 4442 tercia
479 4389 502 4443 0
519 4389 596 4442 certa
613 4389 733 4442 mutavit
751 4387 899 4454 Scioppius
916 4388 926 4454 [t
948 4403 1068 4454 persona
1086 4403 1119 4440 ac
1142 4403 1259 4457 persone
1280 4386 1329 4456 Ol
1351 4387 1403 4442 hac
1427 4405 1461 4441 eu
1479 4388 1531 4443 hos
1551 4389 1573 4442 0
1594 4398 1603 4456 ,ξ

323 4466 355 4513 91
376 4459 406 4531 o]
426 4460 480 4515 hoe
499 4459 529 4525 0,
547 4475 597 4514 ern.
617 4459 696 4514 ceteri
709 4461 719 4528 A
733 4465 767 4511 94
787 4460 823 4512 ad
841 4475 865 4511 o.
886 4463 936 4511 549
957 4457 1089 4512 Mortalia
1102 4459 1192 4530 arma]
1212 4459 1360 4513 mortalem
1375 4458 1602 4528 passibilitatem.

323 4547 389 4586 sane
408 4547 458 4601 per
476 4547 555 4585 arma
573 4529 659 4586 etiam
677 4529 795 4584 consilia
813 4529 1018 4598 significantur,
1041 4531 1074 4584 ut
1094 4529 1243 4598 ‘quaerere
1260 4529 1388 4585 conscius
1411 4531 1515 4586 arma'.
1553 4529 1603 4583 alii

206 4631 214 4648 ν
323 4619 374 4672 pro
393 4602 568 4657 humanitate
586 4601 737 4671 accipiunt.
758 4599 786 4654 P
804 4603 814 4670 t
834 4607 867 4654 96
887 4615 973 4656 arma.
1010 4600 1135 4656 temnitis
1154 4603 1248 4656 antem
1267 4618 1318 4671 pra
1337 4599 1535 4670 contempnitis
1554 4617 1603 4670 per

323 4673 444 4728 ateresiu
462 4673 578 4728 aliatum
600 4687 672 4741 qnae
697 4674 740 4728 est
761 4689 825 4727 cum
848 4671 940 4742 prima
962 4671 1042 4727 uerbi
1065 4673 1174 4742 syllaba
1196 4672 1362 4728 detrahitur.
1399 4671 1449 4727 alii
1472 4673 1604 4727 mortalia

324 4762 402 4800 arma
419 4761 470 4813 pro
494 4744 669 4798 humanitate
692 4742 842 4812 accipiunt.
881 4743 929 4797 aed
954 4741 1008 4797 hoc
1034 4743 1096 4798 loco
1121 4761 1142 4800 e.
1161 4761 1184 4813 q.
1203 4759 1224 4798 s.
1249 4745 1273 4798 0
1304 4743 1354 4798 alii
1377 4785 1383 4797 .
1404 4786 1436 4798 ..
1462 4743 1605 4812 accipiunt

323 4817 434 4884 scripsit
457 4815 560 4868 Daniel
582 4815 614 4868 in
636 4831 721 4884 marp.
752 4815 861 4884 exempl.
886 4814 1052 4868 Basiliensis
1077 4817 1215 4870 adnotata
1238 4815 1429 4884 ‘reperiuntur
1456 4816 1487 4869 in
1514 4815 1604 4868 codice

325 4886 354 4940 S.
374 4885 449 4958 G.’;l
472 4891 505 4941 98
529 4885 666 4956 regnabat
689 4887 712 4940 0
734 4887 745 4954 ΙΙ
767 4885 872 4956 posuit]
896 4884 968 4939 dixit
985 4885 1083 4940 Bon
