3590 5558
298 385 337 440 IV
635 395 639 406 '
826 382 1040 439 PRAEFATIO.

382 545 628 612 Monacensis
642 543 707 632 (Ε)
722 545 791 611 cod.
805 546 861 611 lat.
880 545 996 630 18059,
1013 545 1090 611 olim
1105 543 1354 628 Tegernseensis
1370 543 1422 628 59,
1442 542 1576 609 membr.

295 655 414 720 saeculi
431 653 503 718 XII.
540 654 685 720 continet
702 653 759 718 fol.
776 653 906 719 1-162
923 652 1028 718 Servii
1046 653 1080 718 in
1093 649 1233 736 Vergilii
1252 649 1396 716 carmina
1414 671 1575 715 commen·

296 760 407 825 tarios.
445 761 619 825 secundum
643 763 676 824 et
699 760 831 824 tertium
856 758 1018 824 Aeneidos
1041 758 1161 822 librum
1183 758 1305 823 contuli
1329 779 1413 822 anno
1435 757 1530 822 1876.

385 887 400 931 0
418 866 513 930 10100
532 866 609 931 libri
627 868 798 948 corrector,
817 865 872 949 qui
887 865 973 930 haud
989 865 1056 930 scio
1072 886 1112 929 an
1127 865 1199 948 ipso
1213 861 1416 950 Frisingen'si
1431 886 1508 928 usus
1523 864 1574 928 sit.

384 972 617 1038 Dresdensis
633 969 694 1058 (D)
709 971 926 1037 bibliothecae
942 973 1051 1057 regiae
1065 971 1104 1036 D.
1118 972 1189 1054 136,
1204 970 1393 1036 chartaceus
1407 993 1499 1053 0000,
1513 970 1574 1036 XV

295 1081 329 1145 10
343 1079 441 1144 ltalia
456 1082 615 1145 exaratas.
649 1101 686 1143 ex
701 1079 763 1143 hoc
777 1078 861 1143 libro
875 1079 1036 1164 Hugone
1050 1077 1224 1163 Ilhergio
1244 1079 1461 1143 intercedente
1475 1076 1575 1143 Mar-

294 1187 401 1252 tinus
424 1185 597 1270 Longius
625 1207 664 1250 ea
693 1208 775 1270 quae
799 1185 886 1252 docti
908 1185 985 1250 Itali
1009 1207 1089 1251 saec.
1112 1185 1174 1251 XV
1198 1183 1302 1250 Servii
1325 1187 1457 1252 scholiis
1486 1185 1574 1250 addi-

295 1292 411 1358 derunt
429 1289 483 1379 (cf.
501 1315 583 1358 mus.
601 1293 704 1358 Rhen.
723 1291 801 1359 XIV
821 1316 851 1377 p.
870 1293 934 1359 548
946 1289 1007 1380 sq.)
1027 1292 1062 1357 in
1080 1315 1188 1358 meum
1207 1315 1302 1358 usum
1325 1293 1574 1377 diligentissime

296 1399 479 1484 exscripsit:
513 1423 594 1485 quae
628 1399 847 1466 additamenta
875 1421 892 1464 e
925 1403 1076 1465 contextu
1103 1399 1274 1465 verborum
1305 1401 1390 1464 inter
1416 1400 1574 1464 librorum

294 1507 483 1572 testimonia
506 1507 663 1592 ablegari.

384 1613 434 1678 Ne
453 1615 585 1683 modum
604 1613 772 1678 excederet
790 1614 894 1678 critici
913 1617 1088 1698 apparatus
1107 1613 1263 1695 collectio,
1282 1613 1399 1680 horum
1417 1613 1574 1679 librorum

296 1720 474 1804 scripturae
492 1741 558 1786 non
580 1723 656 1785 sunt
673 1709 820 1805 integrae
842 1719 878 1784 in
902 1719 1111 1785 adnotatione
1135 1720 1308 1803 exhibitae,
1330 1720 1394 1785 nisi
1419 1720 1475 1785 ubi
1499 1722 1585 1803 scrig

295 1831 426 1911 ptorum
444 1827 542 1893 verba
562 1850 581 1891 a
599 1825 711 1892 Servio
730 1827 864 1892 laudata
882 1830 958 1892 sunt
977 1830 1033 1892 001
1055 1849 1162 1892 rerum
1186 1828 1406 1911 expositarum
1430 1827 1573 1912 dignitas

297 1937 334 1997 ut
351 1935 445 2017 plene
463 1934 686 2019 proferrentur
703 1932 848 1998 codicum
862 1934 1050 1998 testimonia
1065 1933 1236 1999 suadebat:
1256 1955 1450 2019 quamquam
1464 1935 1575 2000 videor
1629 1933 1631 1935 ’

297 2038 467 2103 adfirmare
477 2059 574 2122 posse
585 2037 668 2102 nihil
679 2060 758 2102 ame
769 2021 950 2124 neglectum
961 2061 1031 2104 esse
1044 2038 1130 2124 quod
1141 2039 1261 2124 aliquid
1272 2041 1424 2107 utilitatis
1434 2041 1578 2122 haberet.

386 2145 555 2210 Inclinatis
573 2144 693 2210 litteris
713 2146 872 2230 impressa
890 2149 966 2212 sunt
980 2141 1146 2211 ἀδέσποτα
1160 2147 1220 2211 illa
1233 2168 1316 2230 quae
1330 2146 1446 2213 Petrus
1461 2148 1578 2213 Daniel

297 2251 542 2318 Aurelianensis
557 2273 643 2316 anno
660 2252 746 2317 1600
763 2253 903 2336 primum
921 2253 1030 2319 edidit.
1067 2255 1095 2318 is
1109 2253 1207 2338 primi
1223 2257 1256 2319 et
1270 2255 1401 2321 secundi
1416 2255 1577 2320 Aeneidos

296 2359 372 2424 libri
400 2359 651 2424 commentarios
679 2380 696 2422 0
726 2358 851 2424 100100
879 2358 1141 2445 combusserit,
1169 2359 1394 2427 eFuldensi
1421 2365 1515 2426 etex
1539 2384 1576 2427 eo

298 2467 354 2552 qui
376 2488 462 2532 nunc
484 2469 533 2532 001
556 2464 759 2530 Parisinus
781 2465 874 2530 1750.
911 2465 967 2530 1110
991 2464 1048 2552 (0)
1071 2466 1168 2534 hodie
1191 2468 1226 2532 in
1249 2465 1438 2534 0000011000
1459 2468 1577 2534 biblio-

296 2573 392 2639 theca
420 2576 613 2640 asservatur.
660 2573 788 2637 saeculo
816 2567 903 2638 0000
930 2574 982 2638 vel
1011 2573 1135 2640 decimo
1163 2575 1294 2640 ineunte
1321 2575 1355 2641 in
1380 2575 1577 2642 membranis

298 2680 438 2763 scriptus
466 2683 524 2745 est.
570 2678 715 2744 00011001
742 2676 845 2742 Servii
873 2684 1056 2745 commenta
1084 2679 1125 2744 ad
1153 2678 1234 2745 Aen.
1262 2679 1384 2745 I—VI
1412 2703 1513 2766 eaque
1543 2683 1577 2746 10

296 2787 402 2870 primo
426 2790 459 2852 et
482 2784 623 2851 secundo
643 2784 727 2850 libro
750 2784 863 2850 multis
887 2785 1019 2851 scholiis
1042 2786 1250 2870 locupletata.
1285 2788 1394 2872 plures
1418 2792 1576 2853 correcto-

298 2914 348 2958 res
372 2897 524 2978 expertus
548 2895 607 2974 001,
630 2912 647 2954 0
671 2890 788 2976 quibus
813 2913 886 2956 eum
910 2893 964 2976 qui
988 2913 1027 2957 ex
1051 2892 1237 2977 archetypo,
1262 2896 1299 2958 ut
1321 2894 1458 2981 videtur,
1479 2895 1577 2980 primi

297 2999 424 3076 librali
447 3021 571 3065 errores
596 2997 729 3062 sustulit
753 2994 797 3062 0²
821 2997 895 3084 dixi,
919 3000 1059 3065 alterum
1083 3000 1139 3084 qui
1162 3021 1244 3064 saec.
1263 2999 1326 3066 XV
1350 3001 1494 3067 Serviani
1518 3002 1577 3067 ali·

298 3106 387 3170 cuius
411 3106 488 3171 libri
512 3105 691 3188 scripturas
715 3103 837 3169 invexit
859 3101 911 3170 0³.
958 3128 1069 3172 eorum
1096 3106 1344 3190 quaternionum
1371 3111 1427 3194 qui
1450 3110 1491 3175 ad
1512 3110 1575 3193 pri-

298 3233 387 3276 mum
414 3217 447 3278 01
475 3211 648 3277 secundum
677 3210 797 3275 librum
823 3212 1050 3296 pertinuerunt
1081 3212 1252 3298 secundus,
1285 3219 1431 3300 quartus,
1463 3237 1577 3300 00000,

297 3317 457 3384 undecimi
479 3319 543 3384 tria
565 3317 644 3383 folia
666 3319 826 3400 extrema,
853 3317 1059 3384 duodecimus
1083 3319 1289 3404 interierunt,
1317 3325 1487 3405 praeterea
1509 3324 1576 3385 tres

298 3423 505 3490 membranae
533 3447 615 3510 quae
644 3423 782 3508 septimo
810 3422 939 3490 additae
968 3429 1070 3490 erant.
1115 3425 1356 3509 deperditarum
1373 3426 1536 3492 'memoria
1560 3448 1577 3491 e

298 3531 481 3596 conlatione
509 3531 649 3615 petenda
676 3534 726 3595 est
754 3553 774 3595 0
797 3527 940 3615 6000000
964 3528 1116 3615 Scioppio
1142 3531 1178 3596 in
1201 3554 1294 3597 usum
1318 3532 1405 3598 Petri
1427 3532 1577 3598 Danielis

297 3635 394 3722 10010,
413 3661 511 3724 quam
530 3637 558 3702 is
579 3638 620 3703 ad
639 3659 733 3703 suum
752 3637 916 3722 exemplar
930 3637 1206 3703 accommodatam
1220 3639 1255 3702 10
1274 3637 1450 3723 appendice
1470 3639 1577 3704 edidit.

298 3741 478 3810 Danielinis
503 3743 687 3828 scripturis,
714 3765 795 3827 quas
819 3743 893 3809 1010
917 3744 1003 3828 quod
1026 3743 1061 3808 in
1084 3744 1260 3828 appendice
1283 3745 1363 3809 nihil
1387 3747 1575 3811 adnotatum

299 3851 351 3913 cst
379 3850 507 3914 easdem
535 3849 706 3915 Fuldensis
734 3849 835 3914 fuisse
867 3851 1002 3935 conieci,
1034 3848 1081 3914 0*
1115 3849 1244 3934 signum
1279 3849 1422 3934 adposui.
1470 3855 1577 3917 totum

299 3955 441 4020 codicem
468 3957 589 4022 contuli
611 3955 702 4020 'anno
733 3957 831 4041 1855,
863 3958 1003 4041 primum
1037 3961 1069 4022 01
1101 3955 1277 4021 secundum
1310 3956 1428 4022 lihrnm
1458 3958 1576 4023 iterum

299 4085 385 4152 0000
417 4064 510 4128 1876.
559 4061 762 4127 Parisinus
793 4062 879 4126 1750
907 4059 968 4148 (Ρ)
996 4064 1124 4128 0000010
1157 4063 1281 4128 decimo
1313 4061 1347 4126 in
1378 4064 1575 4129 membranis

299 4170 438 4253 scriptus
469 4169 612 4236 continet
634 4168 769 4234 'scholia
801 4151 817 4232 e
849 4167 934 4233 libro
964 4166 1144 4234 Caesellani
1176 4169 1276 4234 simili
1307 4173 1464 4256 excerpta.
1514 4170 1577 4234 hoe

299 4276 408 4341 codice
440 4275 481 4341 ad
513 4277 616 4361 ipsam
650 4275 825 4340 editionem
853 4273 1072 4340 edomandam
1092 4275 1248 4342 'adhibito
1276 4276 1394 4343 Daniel
1422 4282 1459 4343 ut
1489 4299 1577 4342 nova

301 4383 425 4448 scholia
448 4383 548 4448 edidit
570 4384 653 4448 itae
673 4381 836 4448 Servianis
858 4405 926 4447 non
948 4382 1038 4447 nulla
1061 4383 1201 4448 abiecitt·
1214 4384 1299 4449 unde
1322 4384 1443 4449 factum
1468 4386 1518 4448 001
1540 4385 1577 4447 01

298 4493 447 4555 accurate
479 4490 555 4574 quid
588 4490 724 4554 haberet
756 4488 811 4553 1110
844 4489 927 4554 liber
960 4489 994 4554 in
1027 4489 1238 4554 adnotatione
1270 4489 1477 4555 indicandum
1506 4511 1576 4554 esse

298 4601 455 4678 putarem.
507 4599 647 4660 ceterum
677 4618 748 4662 cum
776 4596 857 4660 haec
888 4595 1013 4680 scholia
1043 4596 1214 4661 emendata
1245 4597 1433 4681 plerumque
1461 4618 1577 4682 propo-

300 4703 428 4786 suerim,
447 4702 502 4767 ubi
522 4723 638 4786 operae
656 4702 796 4786 pretium
816 4723 886 4767 csse
899 4702 1069 4767 videbatur
1087 4703 1207 4768 codicis
1222 4704 1415 4786 scripturam
1430 4703 1576 4768 rutundis

299 4808 391 4873 uncis
414 4808 573 4874 inclusam
598 4807 714 4872 addidi.
