3638 5546
325 467 391 532 334
902 461 1024 519 suurn

324 636 361 695 ut
380 631 542 714 significet
560 627 691 694 ‘retr0'.
782 653 927 694 nrrrrrur
945 653 1027 693 mom
1047 627 1118 692 bene
1140 631 1168 690 et
1189 625 1342 691 subtiliter
1360 625 1454 690 etiam
1474 625 1536 690 diis
1559 624 1616 688 in-

324 739 441 804 uidiam
456 741 631 820 oomnmvet,
655 740 737 800 ntea
759 757 876 818 quoqne
898 735 1036 800 meidine
1058 735 1141 799 nmio
1162 754 1241 816 quae
1256 733 1452 816 putabuntur
1474 733 1615 796 deorum.

323 865 397 910 sane
413 843 524 924 sabrda
543 843 616 908 tales
637 847 690 907 est.
721 843 912 926 Laomedon,
934 862 990 906 reu
1009 841 1230 924 Troianorum,
1252 840 1401 905 sollicitus
1422 860 1479 921 pro
1502 839 1616 922 opibus

323 953 389 1016 surb
409 951 490 1032 petit
516 949 555 1014 ab
577 949 724 1031 Apolline
750 953 780 1013 et
806 949 963 1030 Neptuno,
986 953 1022 1012 ut
1048 947 1149 1011 Ili-um
1175 949 1328 1030 stuperent
1354 947 1455 1010 muris
1477 946 1615 1010 mercede

289 1061 485 1142 spromr'ssa.
518 1078 577 1138 quo
599 1057 761 1138 impetrabo
783 1077 862 1139 oreae
884 1056 946 1120 dies
965 1055 1152 1136 promiserat
1176 1056 1342 1137 denepaoit
1373 1055 1427 1118 sed
1444 1053 1614 1134 Neptunus

323 1167 425 1230 iratus
452 1169 543 1242 celos,
575 1163 611 1226 to
640 1166 685 1227 est
711 1163 831 1228 beluam
858 1163 1016 1226 manuam
1045 1163 1182 1226 innuisti:
1217 1163 1299 1244 qnod
1326 1162 1445 1226 uratum
1477 1159 1614 1224 Troiani

319 1271 409 1353 possi
431 1275 505 1335 sunt
526 1289 595 1334 ruere
612 1270 762 1351 (iliarum,
785 1289 863 1352 anas
881 1269 969 1334 belua
987 1269 1163 1346 concedebat,
1186 1269 1278 1332 donoc
1295 1269 1447 1350 apertiore
1464 1285 1611 1348 responso

324 1377 465 1458 Hesiona
492 1377 709 1441 Laornedontis
735 1375 805 1457 filia
827 1379 961 1439 monstro
984 1378 1193 1456 exponeretur,
1221 1393 1316 1456 quam
1338 1372 1488 1438 Hercules
1513 1371 1611 1436 Troia

324 1505 426 1548 eversa
451 1483 591 1549 lrberooit
612 1487 641 1546 et
663 1484 762 1546 amieo
783 1501 839 1547 suo
861 1481 1022 1545 Telamoni
1037 1481 1120 1545 dedit
1141 1501 1275 1546 uaorem.
1311 1501 1387 1545 sane
1404 1479 1612 1544 mammona

274 1604 306 1652 ιο
325 1591 419 1656 coemo
442 1590 573 1655 Priamo
597 1588 753 1671 Pbrppice
774 1589 900 1652 donauit
921 1588 1093 1668 imperinm.

414 1698 445 1762 4.
482 1712 632 1772 Drvnnsn
650 1713 772 1759 nxrnrn
791 1693 887 1759 multi
911 1693 952 1758 ad
979 1692 1059 1758 illud
1084 1693 1229 1758 referunt
1265 1691 1407 1775 <1602>
1431 1711 1608 1776 magnum

326 1825 421 1888 quae
450 1825 587 1887 sparsa
614 1825 680 1886 per
708 1802 847 1866 orbem.
884 1804 1014 1865 constat
1040 1821 1180 1884 namque
1207 1798 1353 1864 diversas
1382 1803 1491 1882 parter
1516 1798 1606 1863 orbis

325 1909 469 1974 tenuisse
489 1908 660 1991 Troianos,
682 1913 718 1971 nt
735 1908 886 1984 Helenus,
910 1911 945 1970 ut
963 1907 1115 1971 Antenor:
1140 1906 1195 1970 sed
1214 1906 1329 1970 melius
1350 1911 1401 1970 est
1423 1904 1608 1989 specialiter

325 2017 388 2082 hoc
414 2015 543 2081 Aeneae
571 2015 662 2095 dare,
692 2014 747 2098 qui
777 2013 950 2099 conpulsus
981 2015 1124 2099 auguriis
1154 2019 1204 2078 est
1231 2013 1376 2078 diversas
1400 2019 1517 2097 terras,
1545 2012 1606 2077 boc

273 2137 306 2184 rs
325 2129 375 2188 est
399 2145 415 2186 e
439 2121 571 2206 regione
595 2121 732 2204 positas,
756 2141 919 2205 quaerere.
941 2121 1007 2186 mo
1030 2121 1093 2204 (7)
1118 2119 1240 2186 ‘incerti
1262 2141 1320 2202 quo
1341 2121 1411 2200 fatre
1432 2118 1563 2202 ferant’.

325 2245 502 2296 Dnsnnrns
531 2231 641 2293 autem
674 2251 693 2292 a
722 2225 873 2304 Dardano
902 2228 1025 2312 accipe3
1052 2249 1129 2292 nam
1157 2227 1276 2310 ubique
1304 2226 1418 2291 uberes
1449 2246 1520 2290 esse
1552 2247 1607 2290 eas

324 2335 478 2422 legimus,
501 2340 538 2399 ut
560 2333 701 2416 <1531>
726 2335 841 2416 atque
865 2333 982 2398 ubere
1006 2333 1178 2417 glaebae.
1213 2338 1270 2397 ant
1292 2330 1464 2416 ‘dannez
1486 2337 1522 2397 ut
1542 2335 1607 2415 qni-

324 2444 397 2508 dam
419 2441 537 2525 oolnut,
564 2461 643 2524 quas
665 2444 694 2504 el
716 2441 870 2504 tenuimus
891 2445 920 2504 et
942 2440 1142 2520 deseruimus,
1172 2445 1207 2504 ul
1230 2438 1354 2505 Cretam
1376 2439 1607 2505 ethraeiaru.

414 2547 445 2612 5.
479 2563 646 2612 avernus
666 2563 801 2610 rmuva
815 2563 937 2611 nrvvn.
959 2546 1167 2629 proasteutis,
1185 2547 1281 2611 idest
1298 2568 1336 2610 ex
1360 2546 1502 2630 flamma,
1524 2568 1609 2631 quae

272 2671 306 2719 20
325 2661 473 2740 tempora
491 2652 625 2718 Ascanii
643 2658 738 2737 pasta
757 2655 819 2736 ert,
844 2674 938 2717 cursu
963 2650 1092 2737 stellae,
1115 2649 1255 2718 Creusae
1279 2652 1507 2739 admonitione,
1526 2677 1608 2740 quse

324 2763 407 2828 dixit
430 2761 484 2845 <11
509 2760 595 2842 781>
619 2764 658 2824 et
680 2765 824 2824 terram
847 2756 1082 2842 Hesperiam
1106 2760 1247 2825 venies.

414 2870 441 2934 6.
480 2884 544 2932 sva
572 2883 651 2932 resa
677 2882 868 2931 surannae
896 2865 987 2929 iuxta
1015 2865 1229 2930 Antandrum.
1272 2870 1322 2931 est
1351 2871 1460 2932 autern
1493 2869 1608 2934 civitas

324 2974 494 3058 Phrygiae,
513 2973 602 3040 dieta
621 2972 820 3056 Antandros,
838 2972 891 3036 vel
909 2971 994 3057 quud
1008 2971 1047 3036 de
1061 2971 1173 3037 Andro
1188 2973 1294 3038 insula
1308 2995 1380 3038 eam
1399 2974 1610 3040 condiderunt

325 3081 447 3164 coloni,
470 3081 563 3164 quasi
582 3075 657 3144 rivel
673 3075 838 3162 Ἄνδρου,
861 3080 914 3144 vel
933 3079 1010 3164 quia
1030 3078 1144 3144 Graeci
1167 3079 1333 3145 venientes
1356 3103 1415 3165 per
1434 3081 1608 3147 Thraciam

271 3202 305 3250 au
326 3209 437 3272 cepere
462 3185 671 3270 Polydorum,
699 3207 758 3268 pro
788 3186 877 3250 curius
900 3185 1009 3268 pretio
1033 3185 1117 3250 hane
1141 3208 1292 3271 accepere
1316 3187 1497 3274 civitatem,
1524 3211 1607 3275 quae

326 3316 365 3358 er
383 3293 469 3358 facto
489 3313 607 3356 nomeu
625 3291 765 3376 accepit,
787 3292 983 3371 Antandros,
1006 3294 1040 3358 id
1062 3297 1108 3358 est
1122 3298 1251 3376 propter
1267 3295 1370 3360 uirum
1382 3296 1473 3360 datr:
1497 3319 1608 3380 quaru-

326 3402 374 3465 vis
398 3401 472 3464 huic
496 3399 641 3483 opinioni
660 3397 827 3482 Vergilius
851 3420 916 3463 nnn
940 3399 1130 3465 consentiat.
1166 3400 1270 3464 fertur
1293 3405 1402 3466 tamen
1426 3403 1511 3486 quod
1533 3407 1610 3486 post

399 3637 412 3684 1
434 3630 503 3684 bene
523 3673 529 3684 .
550 3671 556 3684 .
577 3669 583 3682 .
602 3627 751 3698 imperium
770 3627 831 3681 hab.
853 3627 879 3679 T
890 3628 900 3696 Ι
913 3629 943 3681 et
960 3644 1010 3682 om.
1030 3628 1081 3697 Fu
1095 3628 1236 3698 suptiliter
1254 3629 1285 3683 F
1292 3630 1366 3700 ΤΙΙ2
1386 3632 1545 3687 commovet
1562 3634 1603 3687 in·

325 3700 431 3756 nidinm
449 3699 495 3770 ΤΙΙ
509 3716 571 3754 eam
589 3699 635 3768 ΤΠ
653 3714 764 3768 qunque
785 3699 811 3752 Τ
827 3715 899 3767 quae
918 3697 949 3752 F
959 3700 969 3767 t
987 3699 1159 3768 putabantur
1175 3701 1293 3755 deorum
1313 3701 1354 3754 F:
1377 3720 1434 3758 non
1451 3703 1607 3772 putabatur

326 3771 362 3825 ab
376 3771 470 3840 aliquo
485 3787 567 3841 posse
581 3770 687 3825 destrui
704 3769 750 3838 ΤΗ
764 3775 780 3823 4
794 3769 830 3824 ab
844 3787 894 3825 om.
910 3768 940 3822 F
951 3773 961 3838 η
974 3769 1053 3824 illum
1068 3771 1099 3824 F
1109 3773 1119 3838 l
1134 3778 1149 3826 6
1164 3775 1260 3826 coetos
1274 3771 1305 3826 F
1310 3772 1336 3825 T
1346 3775 1357 3842 ΙΙ
1370 3773 1466 3828 belnae
1484 3773 1608 3829 marinas

326 3841 399 3916 FN,
418 3843 527 3898 correct
539 3843 550 3910 Ι
562 3841 664 3896 troiam
678 3841 730 3909 Fu
745 3847 759 3895 1
776 3841 852 3896 bella
868 3841 897 3894 F
908 3843 918 3910 l
931 3841 1097 3896 comedebat
1115 3842 1152 3895 T:
1172 3843 1354 3898 consumebat
1372 3844 1424 3912 Fr
1437 3851 1453 3899 8
1473 3845 1608 3900 Hercules

326 3913 368 3966 F:
392 3913 506 3982 quidam
529 3912 642 3967 nomine
664 3912 793 3968 heroales
820 3912 870 3982 ΤΙΙ
892 3918 925 3967 10
947 3911 1075 3982 phrigias
1097 3912 1326 3985 Tssimperinm]
1351 3915 1494 3984 Neptunia
1513 3919 1607 3971 autem

326 3983 426 4052 Troia,
454 3983 521 4052 quia
548 3984 695 4054 Neptunus
720 3985 750 4038 et
776 3982 878 4052 Apollo
908 3999 970 4037 eum
995 3984 1082 4037 cinxit
1103 3983 1202 4052 muris,
1230 3983 1303 4039 sient
1330 3987 1518 4055 praediximus
1542 3986 1606 4043 add.

325 4055 430 4110 Daniel
451 4057 461 4124 ss
485 4061 516 4109 11
537 4054 690 4110 multi
711 4054 806 4109 orbern
825 4069 874 4110 one.
895 4054 950 4123 Fu
969 4060 1001 4107 12
1021 4053 1096 4108 orbis
1119 4057 1214 4124 partes
1234 4056 1272 4109 M
1287 4059 1297 4124 fl
1315 4063 1348 4110 13
1368 4057 1527 4126 specialiter
1546 4101 1552 4112 .
1573 4101 1579 4114 .
1600 4101 1606 4112 .

326 4125 406 4197 dare]
433 4127 465 4180 ut
493 4125 653 4195 specialiter
680 4127 838 4179 hocaeneae
866 4125 950 4200 daret¹
969 4125 1029 4194 Fu
1054 4131 1085 4179 lb
1110 4141 1125 4179 e
1148 4125 1276 4198 regione]
1300 4127 1329 4181 in
1355 4127 1467 4182 diuersa
1492 4143 1521 4182 rc
1545 4129 1606 4184 'une

326 4197 357 4250 F
376 4199 386 4266 t
410 4204 441 4252 16
461 4196 568 4267 nutem]
592 4197 681 4250 terras
700 4195 730 4250 F
750 4197 760 4264 ΙΙ
780 4194 882 4264 ubique
906 4195 1056 4250 laudantur
1075 4197 1105 4249 et
1122 4197 1221 4252 uberes
1240 4198 1314 4252 Isiou
1336 4200 1346 4268 ῃ
1368 4215 1416 4254 cas
1435 4217 1495 4254 esse
1559 4217 1607 4255 eas

326 4285 376 4322 om.
396 4269 447 4337 Fu
462 4274 493 4322 17
514 4271 566 4322 ut.
583 4308 589 4321 .
605 4307 611 4320 .
627 4267 745 4336 glaebae
760 4283 810 4320 om.
826 4266 877 4334 Fu
891 4272 924 4321 18
943 4267 1080 4320 trachiam
1095 4267 1146 4336 Nl!
1162 4274 1193 4322 19
1213 4270 1251 4322 ud
1264 4289 1401 4324 sverans:
1423 4269 1497 4325 inter
1515 4271 1606 4340 auspi·

326 4338 399 4393 cium
419 4344 448 4394 et
461 4339 608 4409 angrarium
623 4337 711 4392 talem
725 4336 889 4392 distantiam
903 4337 1030 4392 iecerunt
1046 4340 1169 4407 ueteres,
1189 4341 1263 4407 quod
1283 4341 1320 4395 sit
1338 4341 1493 4410 auspicium
1512 4344 1606 4396 auium

325 4410 464 4479 inspectio
479 4415 593 4480 atquae
608 4426 643 4464 ex
656 4408 754 4464 uolatu
768 4425 864 4464 eornm
878 4412 908 4463 et
922 4408 1037 4464 uocibus
1056 4410 1204 4479 augurium
1223 4417 1318 4466 antem
1336 4429 1427 4466 rerum
1446 4412 1608 4468 coniectura

326 4479 475 4551 diligenter
498 4484 528 4536 et
550 4481 701 4552 prudenter
724 4479 911 4549 amplectitur.
940 4480 988 4550 Tu
1007 4483 1100 4550 nrvru]
1124 4482 1249 4551 auguriis
1267 4484 1332 4538 add.
1356 4483 1382 4536 L
1398 4486 1409 4553 ΙΙ
1427 4490 1461 4538 20
1480 4487 1607 4554 tempure

328 4553 498 4624 Metquae]
518 4553 585 4621 qnia
605 4553 629 4606 L
647 4569 703 4621 qna
722 4553 801 4621 11121
821 4550 861 4621 et]
881 4551 918 4604 ad
937 4550 1066 4621 Fines
1086 4552 1223 4607 antandro
1238 4553 1302 4608 ΒΗ
1317 4554 1417 4622 <andro
1435 4555 1528 4625 blial
1547 4555 1607 4610 anti

326 4624 429 4678 andros
448 4623 478 4676 F
495 4641 653 4679 narrassem
673 4624 699 4677 L
718 4621 869 4692 (contraria
882 4621 949 4676 uiris
968 4625 1136 4692 superseri)
1155 4642 1208 4693 my
1227 4641 1334 4679 aaaron
1353 4625 1386 4678 Η
1401 4625 1550 4680 antiandru
1570 4627 1607 4680 M

326 4695 493 4750 antianneor
517 4695 547 4748 E
565 4699 575 4763 t
595 4701 628 4749 25
657 4695 743 4766 hanc]
772 4714 793 4749 s.
816 4711 834 4749 a
856 4693 964 4764 priamo
987 4711 1061 4763 supr.
1087 4711 1153 4750 uere.
1176 4697 1241 4752 add.
1265 4697 1275 4750 t
1297 4701 1321 4752 et
1344 4697 1374 4750 D
1395 4699 1406 4766 ΙΙ
1429 4713 1528 4780 cepere
1552 4697 1582 4751 F
1598 4699 1607 4768 Ji

327 4771 361 4820 26
379 4766 499 4837 accepit]
524 4767 604 4834 qnasi
623 4760 687 4820 niort
705 4762 811 4835 ἀνδρὸς
829 4767 892 4820 ndrl.
913 4765 950 4835 1),
965 4764 1046 4834 quasi
1064 4761 1128 4819 ciart
1147 4760 1252 4835 ἀνδρὸς
1270 4766 1299 4822 id
1318 4771 1361 4822 est
1379 4785 1429 4838 pro
1450 4786 1519 4836 vrro,
1538 4768 1606 4838 qnia

327 4853 379 4977 prr,
391 4835 583 4978 redempgifna
598 4837 728 4962 P⁰Nd⁰ri
746 4837 813 4894 data
830 4836 887 4892 fuit
904 4837 968 4892 add.
986 4835 1138 4892 Fabricium
1151 4840 1161 4907 t
1174 4839 1305 4906 quamvis
1321 4879 1363 4892 ...
1380 4839 1538 4895 consentiat
1555 4857 1607 4896 om.

392 4913 425 4961 27
446 4925 501 4976 qno
552 4909 619 4977 quia
