3626 5558
326 455 392 521 408
904 451 1024 508 sunvn

414 615 488 682 370.
525 632 667 682 uxonsr
686 631 804 681 Picum
823 632 937 680 n1vvn
957 618 1013 680 aut
1031 614 1070 679 de
1089 613 1331 680 sacrificantem
1349 633 1439 678 more
1458 612 1612 696 requirit,

324 728 435 788 utrum
462 727 590 806 tempus
613 721 802 788 consulendi
825 724 924 806 esset3
958 743 1034 786 nam
1058 719 1175 785 ethos
1198 717 1406 784 vehementer
1430 719 1612 806 quaeritur,

324 830 411 895 utin
431 833 521 894 sexto
537 827 622 914 <45>
641 851 722 894 oum
741 829 851 914 virgo
874 849 1032 911 poscere
1055 828 1138 892 fata
1162 831 1313 909 tempus
1337 825 1407 908 ait3
1430 827 1489 890 aut
1507 827 1611 906 certe,

296 937 300 942 ’
325 936 409 1021 quod
442 939 474 1000 et
505 935 621 1001 melius
655 940 726 1026 eet,¹
750 934 789 999 de
817 935 1054 1000 sacrificantum
1083 955 1171 1000 more
1201 936 1276 997 ante
1302 932 1395 998 nefas
1423 931 1533 1015 expiat
1562 931 1609 996 ab

290 1043 464 1128 sharpyie
486 1042 700 1128 praedictum,
728 1045 761 1106 ct
789 1041 835 1106 sic
863 1040 952 1106 veuit
975 1039 1016 1105 nd
1038 1039 1315 1106 vaticinationem.
1360 1041 1397 1104 ut
1420 1041 1529 1103 autem
1551 1038 1611 1102 hic

326 1151 490 1234 expiatam
518 1147 638 1214 famem
665 1147 894 1232 intellegamus
923 1167 1060 1230 sequens
1084 1145 1186 1212 efficit
1209 1145 1315 1229 locus,
1350 1149 1387 1210 ut
1410 1142 1517 1228 <395>
1541 1144 1611 1209 ad-

326 1257 478 1341 eritque
510 1257 670 1320 vocatus
702 1253 858 1337 Apollo,
891 1276 964 1319 cum
992 1255 1132 1336 constet,
1164 1253 1229 1318 nisi
1256 1251 1290 1317 in
1317 1250 1380 1317 hoc
1408 1250 1611 1316 intellexeris

326 1364 407 1448 loco,
429 1361 526 1427 famis
550 1383 647 1427 causa
669 1382 829 1445 nusquam
854 1361 1041 1426 invocatum
1065 1383 1135 1426 esse
1159 1359 1323 1445 Apollinis
1347 1378 1476 1422 numen.
1517 1356 1611 1423 dubi·

326 1470 485 1535 tationem
509 1471 617 1535 autem
640 1468 675 1533 in
697 1466 759 1533 hoo
781 1467 853 1532 loco
877 1464 1023 1532 ‘exorat'
1046 1467 1139 1552 facit3
1164 1487 1240 1532 nam
1264 1463 1389 1530 ‘orare’
1414 1468 1464 1530 est
1486 1467 1609 1549 petere,

275 1590 308 1639 10
328 1574 493 1642 ‘exorare’
513 1577 702 1661 impetrare:
727 1595 805 1659 crgo
823 1574 979 1659 impetrat
996 1596 1107 1658 pacem
1132 1576 1189 1639 aut
1212 1573 1253 1638 ad
1276 1570 1503 1656 inquirendum
1528 1575 1611 1636 tem·

327 1705 399 1768 pus,
422 1686 479 1747 aut
502 1682 542 1747 ad
566 1680 782 1767 mitigandum
805 1680 902 1745 famis
925 1680 1113 1764 periculum.
1212 1695 1409 1757 viuunsovu
1433 1695 1610 1744 nnsonvn'

327 1789 362 1853 in
385 1789 510 1854 ratione
534 1810 700 1854 sacrorum
722 1809 784 1871 par
807 1791 913 1853 estet
937 1787 1064 1852 animae
1088 1792 1120 1852 et
1143 1785 1288 1871 corporis
1308 1807 1418 1851 causa:
1441 1807 1518 1850 nam
1540 1785 1610 1868 ple-

327 1917 462 1980 rumque
486 1916 568 1979 quae
590 1917 656 1961 non
679 1898 817 1980 possunt
840 1893 925 1960 circa
948 1894 1090 1959 animum
1113 1894 1185 1958 fieri
1207 1894 1290 1978 fiunt
1313 1893 1399 1958 circa
1421 1914 1547 1976 corpus,
1569 1895 1610 1957 ut

328 2003 453 2070 solvere
476 2002 528 2068 vel
556 2003 674 2087 ligare,
706 2023 769 2086 quo
798 2000 903 2085 possit
926 2001 1051 2084 anima,
1082 2001 1168 2085 quod
1191 2022 1248 2086 per
1272 2021 1305 2064 se
1328 2021 1395 2064 non
1417 2002 1540 2083 potest,
1570 2021 1611 2064 ex

276 2108 523 2194 recognitione
547 2109 675 2173 sentire.
721 2108 795 2173 inde
819 2111 869 2172 est
892 2105 960 2190 <lv
985 2107 1073 2190 518>
1096 2129 1209 2172 unum
1233 2110 1350 2172 exuta
1373 2105 1504 2191 pedem
1528 2106 1612 2171 vin·

329 2217 402 2282 olis
425 2216 465 2279 in
489 2217 595 2281 veste
618 2215 800 2281 recincta.
833 2214 915 2279 bene
934 2234 1012 2300 ergo
1032 2213 1175 2278 Helenus
1199 2216 1314 2279 cuncta
1333 2213 1477 2297 corporis
1502 2211 1612 2296 solvit,

327 2345 369 2389 ne
393 2344 465 2409 qua.
479 2325 573 2408 parte
596 2321 704 2387 animo
727 2320 866 2406 religato
891 2320 932 2385 ad
955 2341 1074 2386 numen
1098 2319 1239 2385 accedat.

418 2429 493 2495 371.
529 2453 653 2495 suonam
668 2453 780 2494 ormms
800 2428 862 2492 diis
883 2432 913 2492 ei
933 2427 1206 2492 vaticinationibus
1228 2426 1332 2492 deca.

418 2536 493 2601 372.
531 2561 628 2602 armo
647 2558 764 2601 svaran
785 2535 884 2599 malta
905 2535 1097 2600 veneratum
1113 2535 1262 2600 numiam.
1352 2549 1556 2598 svsrnnsvm
1579 2531 1609 2596 ai

276 2656 311 2705 ao
331 2641 547 2729 ‘suspensus',
569 2642 640 2725 ipse
662 2640 805 2706 numinis
828 2641 958 2725 plenus3
988 2641 1017 2706 si
1041 2638 1275 2727 ‘suspensum',
1299 2661 1350 2704 me
1374 2639 1551 2706 sollicitum
1574 2643 1610 2705 et

330 2751 501 2816 attentum.

420 2857 494 2922 373.
531 2872 668 2920 omnnia
693 2869 799 2918 cunm
824 2857 899 2937 post
920 2857 1054 2937 peracta
1078 2853 1258 2919 sollemnia.

421 2962 495 3028 374.
531 2978 624 3026 naun
649 2977 721 3026 nna
744 2959 823 3025 ordo
848 2962 899 3024 est
917 2958 1007 3024 ‘nate
1031 2959 1091 3024 dea
1109 2981 1213 3044 pauca
1231 2958 1294 3024 tibi
1314 2958 1482 3043 expediam
1499 2958 1611 3043 dictis;

330 3068 507 3154 prohibent
529 3090 606 3132 nam
630 3071 737 3132 cetera
759 3087 874 3150 parcae
898 3067 980 3131 scire
1003 3064 1172 3150 Helenum,
1194 3066 1320 3151 furique
1345 3069 1434 3131 vetat
1454 3064 1611 3131 Saturnia

279 3189 312 3239 25
331 3173 446 3240 Iunci:
470 3173 588 3257 omnia,
610 3172 725 3257 inquit,
749 3173 839 3236 vates
862 3172 964 3257 novit,
988 3173 1044 3238 sed
1062 3193 1128 3238 non
1147 3173 1255 3238 omnia
1273 3171 1474 3256 permittitur
1494 3172 1609 3256 dicere,

330 3281 408 3347 fatis
431 3278 694 3364 prohibentibus3
718 3278 816 3343 etiam
841 3301 879 3342 ex
901 3278 953 3344 his
977 3302 1059 3364 quae
1077 3280 1164 3364 novi,
1188 3280 1292 3346 multa
1315 3301 1367 3344 me
1391 3284 1481 3345 vetat
1504 3278 1610 3345 dicere

331 3387 412 3452 Iuno
437 3383 599 3450 Saturnia.
733 3401 924 3450 mmonluvs
948 3385 1152 3470 caelestibus,
1175 3391 1310 3471 propter
1333 3386 1447 3451 sideris
1471 3407 1611 3469 cursum,

332 3494 421 3558 cuius
444 3491 508 3557 fuit
531 3490 718 3575 explanatio
742 3513 800 3575 per
823 3489 988 3558 Creusam.
1065 3519 1228 3558 nerosmvs
1244 3495 1401 3575 rvsmons]
1428 3495 1522 3575 [erpo]
1545 3513 1612 3558 ma·

331 3601 401 3665 e'ora
428 3603 513 3678 sant,
544 3599 655 3682 quibo
676 3603 801 3680 praeter
829 3599 1002 3680 tripudium
1028 3599 1187 3680 caepim
1212 3600 1263 3665 ius
1290 3605 1333 3664 est
1361 3619 1456 3681 aeque
1473 3599 1611 3681 precatio

280 3721 314 3770 so
332 3705 501 3788 actitetur,
515 3705 595 3770 sicia
605 3704 661 3770 too
675 3705 736 3771 loeo
750 3705 874 3769 nullam
886 3705 976 3769 mam
990 3710 1135 3785 precatur
1148 3705 1279 3771 Aeneas.
1297 3710 1353 3771 oet
1366 3707 1402 3770 in
1414 3705 1463 3771 leis
1475 3707 1612 3772 umatus

405 3887 505 3934 unam
524 3895 603 3934 orare
624 3923 629 3934 .
651 3923 656 3934 .
678 3920 683 3933 .
703 3878 867 3950 impetrare]
892 3879 927 3932 ot'.
947 3879 1016 3933 Don.
1036 3879 1072 3933 ad
1092 3879 1155 3933 Ter.
1173 3879 1234 3934 hec.
1253 3880 1323 3950 prol.
1343 3881 1412 3936 112.
1437 3881 1515 3936 Luct
1535 3881 1611 3936 Piae.

333 3951 465 4077 {leiwid
481 3949 842 4077 gppfflhppthllsiilibzdiffi
862 3949 936 4004 verb.
952 3955 1004 4003 403
1018 3951 1028 4019 1
1042 3956 1077 4006 20
1091 3949 1244 4006 sollicitum
1263 3955 1293 4007 et
1310 3953 1463 4023 attentum]
1483 3951 1516 4008 cl.
1532 3953 1611 4010 Luot.

407 4187 420 4235 1
441 4200 543 4236 uuonan
562 4200 648 4236 recum
666 4201 752 4236 nrvvu
770 4181 821 4234 aut
838 4181 872 4234 de
892 4179 1098 4236 sacfifirantum
1112 4198 1163 4238 oen.
1177 4182 1242 4236 ΕΗ
1248 4181 1299 4237 Me
1313 4184 1355 4251 (in
1368 4200 1454 4252 marp.
1468 4185 1559 4252 suppl.
1574 4183 1613 4254 711

334 4269 441 4307 morem
461 4253 533 4306 ΜΕ
548 4254 558 4321 1
576 4251 727 4320 requiritur
745 4251 776 4305 E
791 4253 801 4321 1
819 4257 835 4305 3
855 4254 931 4306 certe
949 4269 999 4307 om.
1019 4251 1077 4308 FG
1088 4255 1098 4320 l
1116 4260 1133 4308 4
1152 4256 1181 4308 et
1199 4271 1248 4309 om.
1269 4253 1327 4309 FO
1337 4255 1347 4324 l
1364 4258 1380 4307 ὅ
1399 4253 1451 4324 sic]
1471 4253 1545 4309 sicut
1564 4255 1588 4310 G
1604 4257 1611 4311 1

333 4323 400 4378 hinc
429 4324 464 4376 M
469 4323 499 4376 F
520 4326 530 4392 1
553 4329 569 4378 6
596 4323 740 4393 expiatum
768 4322 798 4376 F
818 4323 828 4391 1
851 4339 913 4376 cum
937 4340 1055 4392 sequens
1084 4324 1115 4378 F
1140 4340 1310 4393 consequeus
1330 4325 1353 4379 0
1373 4326 1383 4393 11
1407 4331 1440 4379 12
1459 4326 1537 4396 nam]
1558 4343 1613 4381 non

334 4393 393 4449 FO
403 4397 413 4464 1
428 4401 460 4448 13
479 4396 512 4449 nt
529 4394 636 4449 solvere
655 4436 661 4449 .
682 4435 688 4448 .
708 4436 714 4448 .
735 4394 852 4449 accedat
870 4409 921 4449 oin.
939 4394 991 4464 Fu
1006 4400 1039 4450 14
1058 4395 1144 4464 quod]
1164 4396 1193 4450 id
1211 4395 1287 4464 quod
1307 4395 1350 4465 01
1366 4401 1398 4450 1'1
1417 4396 1544 4466 relegato
1565 4395 1612 4466 01

335 4466 501 4520 accederent
521 4465 557 4520 M
561 4465 592 4520 F
618 4465 765 4520 accederet
782 4483 854 4519 maa.
875 4482 924 4519 rec.
944 4467 976 4519 in
994 4465 1019 4518 L
1046 4467 1060 4534 11
1084 4473 1116 4521 19
1137 4486 1286 4521 evernrsvu
1304 4467 1451 4522 FOMF:
1470 4487 1613 4522 everarius

335 4536 401 4590 LH
411 4539 421 4605 1
435 4543 468 4591 20
484 4535 662 4608 suspensum]
673 4555 701 4590 m
711 4538 742 4590 in
751 4537 838 4591 rasL
851 4539 861 4607 1
875 4541 909 4590 21
920 4537 976 4619 me]
988 4539 1031 4592 est
1045 4537 1077 4590 H
1088 4539 1098 4607 11
1111 4537 1257 4592 adtentum
1274 4536 1363 4593 CLII
1373 4541 1430 4608 122
1445 4537 1614 4608 sollempnia

336 4606 402 4662 LH
412 4611 422 4676 1
440 4613 473 4662 26
493 4607 633 4678 permittit
652 4607 756 4684 11126
775 4608 842 4662 fatis
862 4651 868 4662 .
889 4651 896 4663 .
915 4650 922 4662 .
941 4608 1035 4663 dicere
1054 4625 1104 4662 one.
1123 4609 1188 4663 LII
1204 4610 1244 4677 (in
1262 4627 1347 4679 scarp.
1366 4611 1456 4679 suppl.
1476 4609 1614 4680 olnouit

335 4678 366 4733 F
381 4681 391 4748 l
413 4696 458 4733 me
476 4695 527 4734 om.
546 4679 629 4750 Fon
652 4683 686 4733 28
706 4679 783 4734 cuius
802 4694 853 4733 om.
873 4678 903 4731 F
922 4680 932 4748 1
955 4695 1021 4750 ergo
1040 4679 1147 4736 maiora
1166 4723 1171 4735 .
1193 4725 1198 4735 .
1220 4721 1226 4734 .
1245 4679 1326 4750 quusi
1346 4679 1510 4750 avispicium
1526 4697 1613 4750 prope

335 4756 504 4804 waramum
523 4751 554 4804 in
572 4749 611 4816 F,
628 4755 659 4804 ut
676 4751 753 4805 lectio
771 4750 917 4804 mumdum
935 4752 1040 4806 incerta
1058 4753 1100 4806 sit.
1138 4751 1248 4807 maiora
1266 4793 1272 4806 .
1292 4791 1298 4804 .
1320 4793 1326 4806 .
1346 4750 1427 4822 quasi
1445 4751 1612 4821 avispicium

335 4821 397 4876 tab.
416 4821 540 4876 Ambrae.
564 4823 575 4890 1
597 4828 630 4875 29
650 4824 694 4876 eet
712 4821 753 4874 F:
776 4821 814 4876 sit
831 4821 956 4877 Austros.
976 4829 1000 4877 et
1018 4823 1122 4878 Daniel
1144 4825 1154 4893 1
1177 4829 1211 4878 30
1230 4825 1280 4878 ent
1297 4823 1327 4878 in
1344 4824 1458 4892 scripsi:
1476 4826 1508 4878 ut
1528 4823 1558 4876 F
1582 4823 1613 4877 in

336 4890 431 4948 Ambe.
451 4895 495 4961 (ut
511 4908 644 4962 aspersos.
663 4910 735 4947 mun.
755 4895 815 4962 sec.)
