3590 5558
545 454 659 511 contr.
679 457 719 512 IN
739 455 845 512 vnto.
864 457 948 512 AEN.
968 457 987 514 1.
1008 463 1157 514 rra-mo.
1447 459 1511 522 55·

207 621 311 684 eceait
407 635 542 684 nunnus
569 618 675 702 prima
702 619 793 684 verbi
821 619 943 704 positio
972 623 1022 684 est
1050 619 1108 684 ‘no
1136 641 1195 684 nas
1218 619 1301 705 nat’,
1329 620 1411 686 unde
1440 626 1490 688 cst

207 747 298 792 nare
326 746 393 810 per
421 728 611 790 aestatem
640 725 835 810 liquidam.
881 727 987 811 prima
1015 726 1144 811 syllaba
1170 727 1364 792 naturaliter
1390 728 1491 813 longa

209 835 272 916 est,
303 832 381 897 licet
410 829 555 896 ‘natare'
589 830 663 896 ‘na'
695 833 802 898 brevis
832 832 876 898 sit
903 833 938 897 in
971 832 1084 897 eadem
1115 832 1363 917 significatione.
1451 853 1489 900 ns

209 957 363 1007 ovnolru
387 955 498 1004 vasso
522 937 683 1022 tapinosis
707 943 770 1022 est,
800 939 834 1003 id
857 944 912 1036 est
930 939 978 1004 rei
1001 959 1139 1024 magnas
1163 940 1296 1006 humilis
1320 942 1489 1026 expositio.

208 1049 383 1133 prudenter
404 1052 514 1112 tamen
537 1044 704 1130 Vergilius
731 1044 952 1111 humilitatem
975 1047 1135 1112 sermonis
1163 1047 1308 1132 epitheto
1332 1049 1524 1134 sublevato

208 1159 245 1218 ut
267 1155 330 1220 hoc
352 1155 424 1219 loco
449 1151 574 1217 ‘vasto'
598 1151 730 1216 addidit.
775 1151 855 1216 item
879 1173 951 1217 cum
974 1152 1013 1217 de
1037 1174 1120 1237 equo
1150 1154 1336 1239 loqueretur
1359 1155 1406 1220 ait
1429 1179 1488 1221 ca·

208 1281 343 1325 vernas
367 1260 559 1344 ingentes.

299 1366 371 1430 119.
407 1383 504 1430 sana
529 1382 640 1430 vravu
664 1365 745 1430 bene
769 1364 892 1430 addidit
916 1364 1061 1448 ‘virum',
1089 1367 1123 1430 id
1145 1371 1190 1431 cst
1210 1368 1357 1432 uirorum.
1399 1390 1490 1434 arma

207 1471 293 1536 enim
330 1471 480 1536 dicuntur
515 1475 703 1536 cunctmum
739 1471 860 1536 artium
896 1472 1129 1555 iustrumenta,
1165 1476 1203 1538 ut
1235 1471 1488 1559 Cerealiaque

207 1601 323 1661 arma,
355 1579 434 1643 item
467 1577 656 1663 colligere
690 1599 795 1643 arma
821 1578 929 1643 iubat
958 1583 991 1644 et
1018 1578 1083 1643 alio
1113 1578 1185 1644 loco
1218 1579 1419 1645 dicendum
1452 1587 1542 1646 etto

208 1707 304 1772 quaa
335 1686 414 1750 sint
443 1684 548 1750 duris
577 1684 802 1768 agrestibus
830 1707 943 1751 arma.
1035 1702 1142 1750 raom
1166 1685 1348 1751 differentia
1370 1687 1405 1752 in
1427 1687 1489 1753 hoc

208 1814 354 1858 sermone
378 1795 429 1858 est
451 1792 542 1858 etin
564 1813 661 1857 sensu
684 1796 719 1857 et
740 1791 775 1856 in
799 1791 946 1876 syllabis.
987 1813 1063 1856 narn
1086 1811 1159 1856 oum
1188 1792 1390 1875 provinciam
1414 1792 1487 1858 dici·

206 1922 292 1985 mus,
313 1921 389 1966 cam
405 1899 501 1965 Troia
508 1899 686 1981 procdacia,
705 1897 730 1962 I
731 1899 808 1964 lium
821 1898 891 1982 ipsa
904 1898 1025 1976 civitas,
1044 1903 1077 1964 et
1094 1897 1274 1983 principale
1293 1901 1343 1964 cst
1362 1920 1489 1984 nomen,

206 2005 314 2072 brevis
340 2011 390 2071 est
410 2002 509 2070 ‘Tro'
546 2003 675 2091 quando
700 2008 807 2069 autem
830 2025 896 2068 non
919 2007 970 2068 est
991 2003 1168 2088 principale
1193 2007 1225 2068 et
1249 2003 1406 2070 derivatio
1430 2010 1489 2090 est,

204 2113 305 2198 longa
327 2117 378 2177 est
402 2110 508 2190 ‘'Pro’,
535 2114 573 2176 ut
595 2109 737 2175 Troius
759 2109 921 2198 Aeneas.
1013 2127 1104 2174 osan
1126 2109 1276 2176 Persicus
1306 2131 1412 2177 sermo
1439 2117 1541 2178 astla

205 2225 238 2285 st
260 2219 423 2304 significat
451 2217 596 2299 divitias,
625 2219 705 2282 unde
729 2215 819 2282 Gara
840 2215 915 2282 suba
937 2218 972 2281 in
995 2216 1176 2283 Palaestino
1199 2217 1327 2296 dieitm,
1351 2219 1432 2299 prud
1453 2219 1488 2282 ic

203 2349 241 2392 eo
262 2325 425 2409 Cambyses
446 2346 500 2390 rex
518 2325 689 2390 Persoram
711 2344 781 2389 acm
798 2323 960 2407 Aegyptiis
982 2323 1094 2388 bellum
1116 2324 1245 2404 inferret
1266 2325 1392 2391 dicitius
1414 2347 1488 2392 uras

204 2433 348 2500 condidit.
384 2436 435 2498 est
457 2435 567 2496 autem
591 2431 719 2517 generis
746 2431 908 2514 feminini,
935 2434 973 2494 ut
996 2433 1034 2496 et
1057 2450 1153 2515 gaza
1176 2430 1305 2496 laetus
1329 2433 1487 2516 agresti.

205 2562 269 2625 quo
293 2539 441 2622 exemplo
465 2543 602 2623 apparet
625 2559 751 2623 quoque
775 2537 937 2622 superfluo
961 2537 1072 2622 quaeri
1093 2561 1112 2602 a
1131 2538 1258 2623 multis,
1282 2540 1487 2624 quemadmo-

205 2647 280 2712 dum
303 2647 448 2730 potuerit
471 2664 590 2710 'aurum
619 2647 745 2728 natare,
773 2644 994 2710 nescientibus
1023 2665 1133 2730 gazas,
1164 2645 1196 2709 id
1225 2650 1275 2712 est
1304 2667 1396 2730 opes,
1424 2646 1540 2711 dicito

205 2775 299 2818 omne
333 2752 418 2838 quod
450 2751 662 2836 possidemus.
712 2755 769 2814 cert
801 2755 877 2816 certe
912 2749 1069 2834 hyperbole
1103 2755 1302 2837 amparate,
1333 2759 1370 2818 ut
1394 2755 1488 2819 etium

199 2861 372 2944 ponderosa
392 2859 472 2940 serti
487 2859 654 2941 potueriat.
741 2883 796 2923 rra
815 2881 909 2924 reuss
931 2855 1015 2939 ‘per'
1038 2857 1166 2940 quidam
1188 2859 1327 2924 nolwst*

295 2967 368 3032 120.
397 2983 462 3030 len
476 2982 634 3030 vanman
648 2983 785 3048 zeugma
799 2966 850 3028 est
864 2963 906 3028 ab
920 2963 1131 3029 inferioribus
1147 2963 1238 3030 ‘vicit
1251 2965 1378 3032 hiems'.
1402 2968 1487 3052 quod

204 3074 242 3139 fit
256 3078 289 3139 et
302 3096 322 3139 a
335 3073 555 3158 superioribus
569 3076 603 3138 et
617 3095 637 3136 a
651 3071 771 3148 medio,
790 3071 981 3157 plerumque
1000 3075 1034 3137 et
1052 3070 1093 3136 ad
1112 3075 1286 3157 utrumque
1303 3074 1487 3158 respondet,

276 3285 390 3354 auare]
414 3301 510 3356 georg.
529 3285 574 3340 lV.
594 3289 627 3338 59
651 3285 661 3352 ΙΙ
684 3282 863 3364 ocavemas]
884 3283 917 3336 A.
936 3282 963 3336 ΙΙ
983 3287 1015 3336 io
1038 3283 1048 3352 1
1075 3287 1191 3364 turma
1210 3322 1216 3336 .
1236 3325 1242 3335 .
1264 3281 1485 3354 ,instrumenta]

204 3355 268 3412 Isid.
288 3374 326 3411 or.
346 3355 437 3412 XVIII
451 3362 477 3424 1,
494 3357 536 3426 li
559 3361 575 3410 1
595 3353 787 3424 Gereahaque]
808 3355 840 3407 A.
860 3353 872 3406 Ι
889 3359 939 3406 171
962 3355 972 3422 l
997 3359 1028 3407 10
1047 3353 1193 3424 colligere]
1212 3354 1245 3408 A.
1265 3353 1337 3408 Vlt
1361 3356 1371 3424 ΙΙ
1394 3353 1486 3409 dicen·

205 3428 398 3553 dumjlvgcorg.
421 3427 432 3480 1
453 3429 536 3496 1601
565 3433 597 3481 15
616 3423 726 3494 'Ptoiusl
746 3423 778 3478 A.
798 3425 808 3477 Ι
829 3429 881 3478 116
909 3425 919 3491 ΙΙ
948 3429 980 3478 lo
998 3423 1072 3478 unde
1091 3424 1192 3480 Gaas.
1213 3467 1219 3480 .
1239 3467 1246 3479 .
1266 3424 1402 3498 condidit]
1421 3425 1486 3480 leid.

205 3515 244 3556 or.
335 3504 421 3569 1,1o.
450 3498 485 3554 cf.
505 3515 604 3554 comm.
624 3495 691 3552 Luc.
710 3495 749 3550 III
768 3501 821 3550 116
843 3496 855 3564 l
877 3501 910 3550 18
930 3497 959 3549 ct
976 3494 1058 3566 gaza]
1078 3496 1110 3551 A.
1130 3494 1155 3548 V
1174 3500 1209 3548 40

276 3700 291 3750 5
310 3695 476 3766 prudentior
490 3695 539 3766 01
560 3695 685 3766 epitheto
701 3694 739 3747 M
743 3691 793 3748 G':
813 3690 960 3760 epitheton
973 3688 1038 3742 RK
1041 3689 1073 3744 H
1099 3689 1257 3772 epithetum
1269 3690 1295 3743 L
1315 3692 1325 3760 ΙΙ
1345 3691 1486 3763 sublevat]

206 3768 385 3822 subleuatum
403 3765 455 3838 ΒΙΙ
476 3772 492 3821 8
512 3769 548 3822 ud
566 3785 589 3821 o.
606 3773 656 3821 119
675 3765 762 3820 Arma
779 3761 884 3833 uirum]
903 3761 974 3816 bene
993 3759 1104 3815 addidit
1121 3779 1226 3828 uirum,
1244 3777 1323 3817 arma
1341 3762 1415 3817 enim
1435 3804 1441 3816 .
1458 3805 1485 3818 ..

205 3837 375 3907 cerialisquo
394 3853 479 3892 arma.
514 3837 608 3909 Troia]
627 3835 785 3892 ditl'ersntia
804 3878 810 3890 .
827 3877 832 3889 .
849 3875 855 3886 .
875 3835 904 3888 st
922 3831 1016 3886 breuis
1034 3835 1078 3887 est
1096 3831 1184 3888 ‘Tro'.
1216 3832 1328 3901 quando
1347 3833 1486 3890 deriuatio

204 3909 291 3980 longa
314 3911 357 3964 est
376 3907 465 3962 ‘Tro’
487 3949 493 3962 .
514 3949 520 3962 .
540 3949 546 3962 .
569 3907 659 3962 laetus
684 3905 798 3978 agresti.
836 3904 866 3959 ct
888 3921 944 3958 non
967 3920 1065 3958 aarum
1089 3905 1118 3958 et
1140 3905 1288 3974 argentum
1311 3906 1486 3975 emigrasse,

204 3981 252 4034 sed
272 3997 368 4036 omncs
388 3995 464 4048 opes.
482 3977 510 4032 P
520 3980 559 4049 l⁹
574 3978 741 4047 cerialiaque
755 3977 809 4046 ΚΗ
824 3981 857 4029 13
874 3975 987 4046 nomen]
1007 3977 1037 4030 et
1054 3973 1223 4044 disyllabum
1243 3976 1306 4029 add.
1323 3976 1360 4029 M
1363 3977 1373 4029 1
1385 3978 1396 4045 fl
1410 3983 1443 4030 14
1458 3980 1488 4031 et

204 4051 298 4108 breuis
312 4049 421 4104 BHM
437 4051 447 4118 Ι
469 4066 526 4104 non
544 4051 587 4103 est
604 4048 757 4120 principale
777 4051 806 4102 et
824 4045 962 4101 derivatio
977 4045 1031 4118 est]
1051 4045 1098 4100 uel
1116 4045 1228 4115 quando
1248 4047 1343 4100 autem
1362 4051 1405 4102 est
1422 4064 1486 4116 pos-

205 4123 341 4180 scssiuum
363 4119 533 4175 trisillabum
557 4123 600 4174 est
621 4121 651 4174 et
671 4119 756 4190 longa
779 4120 824 4173 est
845 4120 890 4172 tro
913 4132 1047 4187 aspersas
1066 4134 1093 4170 m
1120 4118 1163 4172 est
1184 4115 1372 4186 possessiuum
1390 4121 1423 4172 ut
1440 4117 1487 4173 hic

204 4192 382 4264 trisyllabum
407 4193 451 4247 ost
473 4207 605 4260 aspersa.
625 4191 642 4244 l.
673 4191 760 4244 simile
783 4189 892 4258 aliquid
915 4190 947 4242 ic
970 4187 1127 4244 caesenam
1150 4188 1306 4256 quoquest
1326 4189 1410 4244 altero
1429 4205 1486 4243 cor·-

205 4269 305 4319 rectorc
324 4263 382 4333 (0³)
402 4265 434 4318 ta
451 4263 575 4332 marciae
594 4261 762 4328 adscriptum
783 4261 870 4328 fuisse
893 4260 1005 4314 conicio.
1043 4263 1158 4314 testatur
1176 4264 1244 4313 certe
1262 4259 1409 4328 Scioppius
1424 4265 1488 4328 post

205 4336 305 4391 nolunt
323 4336 384 4402 (lin.
404 4337 450 4403 11)
469 4335 586 4390 codicem
601 4333 729 4400 praebere
747 4333 776 4386 et
793 4331 868 4386 troia
890 4331 1078 4400 possessiuum
1101 4329 1315 4398 aiacesseseoin‚
1339 4347 1408 4400 qaae
1431 4347 1487 4384 aaa

205 4403 716 4547 111111111111111
732 4401 1045 4544 armatu
1062 4417 1123 4457 ⁶³⁸⁶·
1150 4403 1222 4544 ”231⁵
1231 4401 1375 4542 {diddi-
1390 4401 1488 4528 1111

205 4567 223 4604 a
245 4547 342 4604 multis
366 4546 601 4618 quemadmodum
624 4545 718 4614 potuit
740 4561 838 4599 aarum
865 4551 964 4600 natare
991 4489 1179 4600 nescientilids
1202 4561 1271 4614 gam
1290 4544 1343 4614 Ofl
1370 4549 1404 4598 11
1447 4549 1488 4598 ost

204 4620 304 4675 nolunt
318 4621 447 4676 lacunam
460 4619 591 4674 indicavi.
618 4617 733 4682 sertum
749 4616 821 4686 ‘per'
838 4615 953 4686 quidam
967 4615 1065 4670 volunt
1081 4615 1186 4671 ‘inter’.
1215 4616 1249 4682 cs.
1265 4616 1303 4670 ad
1316 4615 1412 4670 Aemi
1453 4621 1486 4670 66

204 4693 305 4748 notant
323 4694 393 4748 cont.
409 4691 445 4748 F.
460 4689 631 4757 Schoenitas
645 4694 678 4740 13
694 4688 732 4742 ad
745 4705 770 4742 o.
783 4692 834 4742 110
847 4687 909 4742 Iam
923 4685 1060 4758 ualidam]
1074 4702 1192 4756 zeugma
1205 4689 1248 4742 est
1262 4686 1297 4741 ab
1311 4683 1487 4742 inferioribus

207 4763 294 4819 ‘uicit
311 4763 428 4829 hiems',
451 4760 527 4831 qaod
548 4760 581 4816 fit
600 4800 606 4814 .
625 4801 633 4816 .
653 4800 658 4812 .
678 4757 753 4828 quod
777 4757 801 4812 si
823 4757 982 4828 confingat,
1008 4757 1156 4826 antiptosis
1173 4757 1218 4825 fit,
1242 4773 1298 4814 non
1322 4759 1433 4840 regula,
1455 4759 1488 4812 ut

207 4835 322 4890 ‘haeret
344 4833 416 4904 pede
438 4833 504 4904 pes'
528 4847 579 4916 pro
604 4829 710 4900 ‘pcdi’.
732 4829 760 4884 P
784 4831 794 4900 ΙΙ
820 4845 938 4885 aeauma
960 4829 993 4883 K
1022 4845 1119 4884 asama
1140 4827 1242 4884 Bam
1268 4831 1278 4898 ΙΙ
1305 4828 1374 4883 vicit
1396 4829 1487 4884 hiems

204 4922 254 4959 om.
273 4905 306 4958 K
325 4907 335 4974 ΙΙ
357 4904 437 4976 vicit]
456 4906 489 4958 ut
506 4902 576 4958 dreit
595 4903 623 4955 Β
