3590 5558
307 409 309 414 ⁵
331 455 374 516 43
908 452 1030 508 snavn

420 616 471 682 95.
504 633 583 692 QVIS
615 619 648 681 et
675 616 746 700 quis
775 620 808 682 et
835 615 952 701 quibus
982 615 1159 702 significat:
1189 617 1363 682 secundum
1394 620 1498 682 artem
1526 619 1613 684 euim

331 723 378 788 sic
401 722 546 787 dicimus.
592 723 632 787 ab
664 744 703 787 eo
726 723 813 787 enim
836 721 921 807 quod
946 726 996 786 est
1019 721 1055 786 ‘a
1078 721 1150 806 qui'
1179 723 1215 786 in
1242 721 1335 787 ‘bus’
1364 713 1481 808 mittit,
1509 725 1551 789 ab
1574 747 1613 790 eo

331 828 417 913 quod
441 833 491 894 est
514 826 546 892 ‘a
564 827 640 912 quo'
659 829 693 892 in
712 827 764 894 ‘is'
784 829 902 911 mittit,
926 828 1020 892 seda
1040 829 1138 892 tertia
1161 829 1375 894 declinatione
1398 828 1433 894 in
1452 852 1512 895 usu
1536 835 1612 896 sunt

330 935 459 1000 dativus
483 939 517 1000 et
530 937 703 1010 ¹ablativus
726 937 882 1020 plu'reles,
905 936 981 1000 licet
1004 935 1130 1020 antiqui
1148 936 1297 1000 omnibus
1317 936 1368 999 usi
1387 936 1454 1001 sint
1474 938 1612 1002 casibus.

295 1041 467 1126 sydenique
491 1039 573 1108 Oato
602 1043 637 1107 in
668 1043 849 1126 originibus
880 1042 928 1106 ait
957 1042 990 1106 si
1021 1063 1113 1126 ques
1144 1046 1234 1106 sunt
1262 1042 1406 1126 populi.
1452 1047 1485 1106 ct
1518 1043 1613 1108 decli-

330 1150 423 1214 navit
437 1148 527 1234 ‘ques
541 1148 675 1234 quium',
689 1153 725 1214 ut
740 1148 879 1234 ‘puppes
899 1147 1083 1232 puppium'.
1172 1166 1350 1214 uossmvs
1365 1166 1466 1214 Annus
1481 1155 1614 1235 propter

331 1255 503 1341 Pergama,
533 1277 615 1340 quae
645 1256 808 1321 altissima
837 1255 980 1338 fuerunt,
1011 1277 1049 1319 ex
1079 1255 1195 1339 quibus
1227 1256 1337 1320 omnia
1367 1255 1434 1320 alta
1466 1256 1613 1322 aedificia

330 1383 488 1447 pergama
511 1366 682 1447 vocantur,
705 1362 790 1427 sicut
813 1360 993 1445 Aeschylus
1019 1361 1122 1426 dicit-

420 1469 472 1535 96.
506 1485 686 1535 osrssuas
707 1491 761 1535 ore
780 1473 902 1532 terram
920 1471 1044 1552 petere,
1068 1468 1100 1532 id
1120 1473 1169 1539 est
1188 1469 1280 1532 mori.
1312 1491 1485 1552 possumus
1504 1475 1613 1535 autem

279 1594 311 1644 ιο
332 1574 378 1638 sic
401 1574 450 1638 uti
473 1574 535 1640 hoc
563 1597 723 1658 sermone,
749 1578 787 1639 ut
815 1579 848 1638 et
875 1595 933 1657 per
960 1595 994 1638 se
1022 1573 1137 1657 plenus
1167 1575 1210 1639 sit
1238 1579 1271 1638 et
1298 1575 1434 1658 recipiat
1461 1577 1612 1642 adiectio·

269 1713 270 1716 ¹
329 1701 414 1745 nem.
459 1701 536 1767 ergo
561 1681 696 1748 dicimus
720 1687 754 1747 et
777 1681 904 1765 oppetit
927 1683 959 1743 et
983 1687 1121 1744 mortem
1145 1683 1285 1765 oppetit,
1309 1682 1394 1746 sicut
1413 1684 1446 1746 et
1465 1683 1608 1766 exspirat

332 1790 364 1850 et
388 1787 530 1853 animam
558 1789 710 1873 exspirat.
801 1803 1010 1853 nousrsslua
1039 1804 1167 1852 sunum
1197 1788 1288 1872 atqui
1316 1789 1350 1851 in
1379 1787 1504 1853 artibus
1532 1790 1610 1876 legi-

278 1941 286 1948 .
331 1915 403 1958 mus
427 1895 661 1977 superlativum
685 1895 821 1980 gradum
844 1916 911 1959 non
934 1893 999 1957 nisi
1022 1894 1171 1977 genetivo
1195 1895 1315 1977 plurali
1338 1895 1436 1979 iungi.
1483 1901 1610 1962 constat

331 2000 474 2086 quidem,
507 2001 563 2066 sed
595 2001 708 2085 ‘gens'
740 2022 859 2067 nomen
892 2003 942 2064 est
974 2001 1194 2065 enuntiatione
1230 2000 1409 2084 singulare,
1444 2001 1611 2068 intellectu

280 2127 312 2175 15
332 2107 467 2190 plurale.
501 2107 581 2174 bene
606 2129 683 2203 ergo
708 2109 827 2190 iunxit,
850 2108 885 2171 in
908 2111 1003 2191 gente
1028 2108 1113 2171 enim
1137 2107 1246 2190 plures
1270 2110 1357 2190 sunt,
1381 2111 1418 2170 ut
1440 2109 1520 2172 alibi
1542 2109 1612 2193 ipse

255 2218 274 2256 ⁸
331 2214 553 2278 ditissimus
582 2214 667 2300 agri
693 2213 939 2294 Phoenicum3
971 2235 1037 2278 non
1065 2213 1151 2277 enim
1179 2236 1261 2277 unus
1291 2219 1341 2278 est
1369 2235 1448 2299 ager
1474 2215 1611 2280 Phoeni·

331 2341 412 2384 oum.
444 2320 524 2384 item
548 2318 721 2385 Sallustius
744 2320 906 2385 Romani
930 2319 1083 2404 generis
1108 2319 1404 2384 disertissimus
1432 2327 1488 2385 aot
1510 2342 1612 2404 soper-

331 2428 424 2492 totioo
454 2448 514 2509 pro
544 2428 749 2510 comparativo
778 2446 854 2490 usus
882 2426 1014 2504 υἰάεὐιιν,
1048 2427 1140 2506 quasi
1166 2426 1348 2506 fortissimis
1378 2430 1611 2511 comparandos,

329 2555 391 2600 non
418 2539 454 2597 ut
479 2534 568 2616 culpo
597 2534 730 2598 creditur
750 2533 981 2614 praeferendus.
1033 2554 1111 2596 sanc
1135 2533 1314 2617 quaeritur,
1343 2555 1398 2598 cur
1421 2534 1611 2600 Diomedem

201 2701 205 2710 .
278 2658 312 2707 2ο
331 2640 547 2706 fortissimum
571 2638 701 2723 dixerit,
724 2659 802 2710 cum
825 2641 901 2721 post
924 2637 1087 2702 Achillem
1116 2642 1149 2701 et
1172 2637 1305 2702 Aiacem
1329 2638 1398 2721 ipse
1423 2641 1467 2705 sit
1489 2641 1611 2723 tertius,

330 2747 413 2811 unde
449 2752 482 2811 st
511 2743 686 2810 Sallustius
720 2745 768 2809 ait
802 2745 964 2829 primum
996 2743 1230 2808 Graecorum
1260 2744 1464 2811 Achillem.
1516 2748 1611 2810 multi

331 2853 441 2918 dicunt
469 2852 540 2917 ideo
567 2851 799 2934 fortissimum,
828 2852 904 2936 quis
931 2852 1021 2916 iuxta
1049 2851 1228 2916 Homerum
1257 2856 1290 2915 et
1312 2850 1474 2918 Venerem
1502 2853 1611 2918 vulne-

331 2959 416 3024 ravit
439 2963 472 3023 et
494 2945 655 3023 Martem.¹
680 2958 737 3022 alii
760 2957 800 3022 ad
824 2961 954 3043 gentem
978 2957 1136 3041 referunt,
1160 2957 1246 3042 quod
1270 2959 1412 3024 Achilles
1435 2959 1612 3024 Thessalus

330 3066 402 3144 fuit,
420 3041 505 3130 Aiax
522 3064 673 3148 Graecus,
691 3064 864 3130 Diomedes
880 3063 1021 3129 Danaus.
1059 3063 1154 3129 multi
1174 3063 1216 3128 ad
1231 3065 1469 3130 excusationem
1484 3065 1612 3132 Aeneae

277 3191 311 3240 ss
331 3174 444 3238 volunt
471 3173 686 3240 fortissimum
715 3173 850 3258 dictum,
875 3194 894 3236 a
925 3194 987 3256 quo
1012 3194 1085 3236 eum
1109 3173 1238 3236 constat
1261 3193 1331 3236 esse
1354 3194 1556 3258 percussum,
1578 3177 1614 3238 ut

331 3280 490 3346 [comatis
511 3282 566 3346 oct
592 3301 660 3363 quo
686 3279 845 3363 Tydides
865 3279 1054 3360 percussit
1074 3278 1239 3360 pondere
1260 3298 1388 3343 cocum
1410 3278 1563 3344 Aeneae.

405 3465 418 3511 1
439 3457 469 3512 et
485 3455 548 3524 quis
566 3471 590 3510 e.
610 3474 635 3524 q.
656 3453 690 3526 a]
712 3453 828 3525 [Sergii]
853 3452 962 3522 explan.
981 3451 1011 3507 in
1030 3453 1099 3507 Don.
1118 3471 1145 3522 p.
1166 3459 1227 3521 502,
1248 3460 1280 3508 10
1299 3453 1332 3510 K.
1351 3452 1386 3510 ct.
1405 3455 1475 3508 Don.
1495 3455 1531 3509 ad
1549 3455 1610 3510 Ter.

331 3528 443 3598 adelph.
463 3528 528 3596 113,
545 3533 558 3580 1
578 3529 588 3597 ΙΙ
609 3535 624 3580 ῠ
643 3527 673 3581 in
692 3525 858 3596 originibus]
877 3525 955 3578 rell
976 3532 988 3578 1
1009 3525 1039 3578 et
1056 3541 1100 3593 ap.
1120 3525 1192 3578 Iord.
1213 3525 1242 3578 et
1259 3541 1303 3594 ap.
1324 3525 1383 3578 Pet.
1401 3527 1411 3594 ΙΙ
1434 3533 1465 3580 12
1485 3525 1564 3594 atqui
1582 3527 1611 3580 iu

332 3599 437 3654 artibus
451 3615 474 3653 e.
490 3617 516 3668 q.
532 3597 567 3669 s]
589 3599 663 3652 Serv.
684 3614 783 3652 comm.
802 3596 832 3649 in
850 3599 921 3650 Don.
939 3614 967 3665 p.
987 3601 1048 3664 407,
1068 3602 1101 3649 29
1121 3600 1150 3650 et
1168 3602 1229 3663 431,
1249 3602 1282 3650 22
1302 3596 1336 3649 Κ.
1359 3598 1369 3666 ΙΙ
1393 3603 1425 3650 16
1445 3596 1609 3667 ditissimus]

331 3673 364 3724 A.
384 3670 397 3723 Ι
415 3675 466 3724 343
494 3670 504 3738 l]
533 3676 564 3724 l't
585 3667 746 3739 Sallustius]
771 3667 835 3722 hist.
855 3667 955 3736 fragm.
975 3669 988 3721 Ι
1006 3673 1021 3719 2
1042 3666 1127 3720 Kritz.
1149 3669 1159 3736 ΙΙ
1187 3673 1219 3720 21
1241 3665 1402 3738 Sallustius]
1426 3667 1491 3725 hist.
1511 3667 1610 3738 fragm.

332 3743 422 3795 11132
442 3741 528 3796 Kritz.
549 3742 559 3810 ΙΙ
579 3746 613 3796 26
633 3739 786 3810 Iuvenalis]
806 3740 857 3794 sat.
878 3737 928 3793 XV
948 3743 981 3793 60

404 3908 417 3956 l
438 3902 475 3955 ad
492 3917 516 3955 o.
532 3904 566 3955 95
587 3898 666 3971 Quis]
686 3902 781 3954 antem
800 3896 947 3967 atquibus
965 3914 1051 3950 unum
1069 3895 1241 3965 significant,
1261 3895 1412 3950 secundum
1429 3898 1518 3951 artem
1537 3898 1610 3952 enim

332 3971 372 4027 sic
391 3971 517 4026 dicimus.
556 3971 592 4025 ab
612 3987 644 4026 eo
663 3969 739 4039 quod
758 3971 801 4023 est
818 3986 836 4022 a
853 3984 909 4036 qno
927 3967 957 4022 in
975 3967 1000 4022 is
1018 3967 1122 4034 mittit,
1146 3967 1195 4022 sed
1214 3983 1231 4021 a
1249 3967 1334 4021 tertia
1352 3966 1539 4024 declinatione
1559 4012 1565 4023 .
1582 4013 1609 4025 ..

331 4043 476 4114 puppium.
498 4041 556 4111 P]
579 4059 640 4102 ovrs
659 4082 666 4096 .
684 4083 688 4095 .
705 4083 711 4094 .
731 4039 848 4094 dicimus
871 4039 945 4106 ΚΒ,
968 4040 1026 4092 nisi
1048 4039 1120 4106 qood
1135 4037 1239 4092 nificat
1261 4039 1367 4093 litterae
1388 4046 1557 4094 coacuerint
1580 4042 1611 4094 ia

332 4115 374 4184 K,
394 4113 534 4184 significat
551 4119 577 4167 ct
594 4112 669 4166 enim
687 4113 774 4166 deleta
791 4116 856 4164 sunt
879 4111 912 4164 in
929 4111 970 4162 L:
994 4109 1055 4177 quis
1079 4111 1108 4163 st
1130 4109 1230 4177 quibus
1254 4109 1405 4164 secundum
1429 4114 1518 4165 artem
1537 4113 1611 4164 enim

332 4187 371 4241 sic
390 4185 509 4240 dicimus
527 4184 555 4237 Β
584 4202 645 4244 ovis
664 4183 727 4250 quis
747 4186 777 4237 et
794 4181 895 4250 quibus
914 4197 999 4234 unum
1019 4179 1179 4249 significant
1196 4181 1347 4234 secundum
1370 4183 1459 4234 artem
1478 4182 1551 4234 enim
1572 4182 1611 4236 sic

332 4257 450 4312 dicimus
471 4256 513 4310 0*
541 4274 602 4315 ovis
628 4255 691 4323 quis
710 4253 857 4322 atquibus
876 4252 1027 4306 secundum
1051 4256 1141 4306 artem
1166 4251 1205 4306 sic
1224 4251 1341 4306 dicimus
1362 4253 1398 4306 M
1403 4252 1433 4305 Β
1454 4255 1463 4320 ΙΙ
1486 4251 1550 4305 3in
1569 4252 1611 4306 his

332 4329 384 4397 K]
402 4335 418 4382 ὁ
437 4328 478 4382 ait
497 4369 503 4382 .
519 4368 547 4381 ..
568 4329 598 4380 et
614 4342 665 4380 cm.
683 4325 710 4378 Β
732 4326 742 4392 ΙΙ
765 4324 788 4379 si
811 4325 891 4393 ques]
912 4323 963 4391 siq;
982 4323 1014 4376 K
1029 4325 1039 4390 11
1057 4329 1072 4376 6
1092 4339 1180 4392 pupas
1198 4324 1315 4392 pupium
1333 4323 1398 4376 RK
1413 4325 1423 4392 ΙΙ
1443 4329 1457 4377 't
1476 4340 1612 4393 pergama

331 4399 361 4453 id
379 4403 423 4452 est
444 4416 538 4453 muros
556 4397 584 4450 Β
601 4397 611 4464 [Ι
631 4396 742 4450 fuerant
759 4395 785 4448 L
802 4396 812 4464 ΙΙ
830 4393 989 4448 aedificatis
1007 4394 1039 4447 K
1054 4397 1064 4462 ΙΙ
1082 4399 1097 4447 8
1122 4393 1231 4463 escylus
1249 4394 1276 4447 Β
1300 4395 1421 4449 eschilus
1440 4394 1466 4446 L
1492 4394 1611 4448 asscitus

333 4471 370 4524 M
382 4471 421 4538 ]9
441 4471 478 4522 od
496 4474 569 4524 1192
589 4465 740 4537 Oppetere]
759 4483 806 4520 ore
825 4469 929 4520 terram
948 4466 1056 4535 petere,
1076 4465 1104 4519 id
1123 4467 1168 4520 est
1184 4466 1261 4520 mori.
1294 4465 1341 4520 uel
1360 4464 1470 4534 oppetit
1488 4466 1612 4534 exspirat

332 4543 372 4610 (et
394 4539 493 4609 spirat)
519 4539 565 4593 uel
592 4537 740 4592 occumbit.
782 4535 945 4592 Fortissime
967 4536 1073 4607 gentis]
1097 4537 1284 4606 superlatiuus
1307 4535 1531 4606 (superlatinum)
1555 4553 1611 4590 non

332 4611 385 4665 nisi
403 4611 528 4681 genitiuo
547 4610 650 4680 plurali
668 4609 801 4680 iungitur.
838 4607 887 4662 sed
908 4624 976 4678 gens
996 4607 1187 4662 enuntiatione
1210 4607 1365 4678 singulare,
1383 4607 1531 4662 intellectu
1549 4608 1610 4677 plu-

331 4683 403 4750 rale,
422 4685 455 4736 ut
478 4681 547 4735 slibi
569 4681 628 4751 ipse
648 4723 654 4736 .
671 4721 698 4735 ..
720 4679 898 4734 Phoenicum.
935 4679 1078 4748 quaeritur
1101 4696 1150 4733 cur
1172 4678 1325 4735 Diomeden
1345 4720 1351 4732 .
1368 4721 1374 4732 .
1390 4721 1396 4734 .
1415 4678 1523 4733 tertius.
1561 4677 1611 4732 alii

332 4755 406 4822 quod
427 4756 456 4808 et
473 4753 609 4808 Venerem
630 4793 680 4808 ...
699 4754 731 4804 ut
749 4750 889 4806 quenalis
908 4749 985 4804 dicit.
1008 4749 1035 4802 P
1046 4753 1056 4820 ΙΙ
1072 4757 1102 4804 11
1119 4753 1208 4805 morte
1228 4751 1286 4818 M]
1302 4756 1332 4804 13
1352 4750 1471 4820 gradum
1490 4749 1609 4805 nominis

331 4825 386 4892 B]
406 4831 438 4879 15
456 4824 563 4896 plures]
583 4823 705 4893 plurales
723 4822 756 4875 K
770 4825 780 4890 ΙΙ
800 4828 831 4875 17
851 4823 932 4890 item]
952 4824 984 4876 ut
997 4821 1024 4874 Β
1044 4821 1084 4876 sic
1100 4823 1150 4874 Mt
1167 4823 1222 4888 1121
1243 4821 1365 4876 achillea
1383 4821 1455 4875 ΒΜ
1473 4822 1484 4890 ΙΙ
1502 4827 1536 4874 22
1556 4821 1611 4876 ior·

331 4896 455 4950 tissimus
474 4896 504 4948 K
521 4897 531 4966 l]
549 4900 583 4949 25
601 4911 764 4964 percussum
783 4894 814 4946 K
817 4893 892 4946 LH:
911 4895 1074 4962 superatum
1091 4893 1163 4945 ΒΜ
1167 4891 1204 4946 U*
1211 4893 1252 4946 Pl
