3638 5546
549 448 721 508 00101010
742 448 847 506 Vnae.
868 449 949 506 1010.
969 451 1003 504 11.
1024 451 1172 504 ese-ros.
1433 439 1496 507 321

215 615 376 682 ‘sulcum'
404 616 496 700 dicit,
529 616 693 700 significat
724 615 858 700 longum
882 614 989 697 (780)
1020 612 1136 677 ‘maris
1164 633 1284 696 aequor
1312 611 1499 695 arandum’;

217 723 303 808 quod
331 723 379 787 ait
408 721 580 806 ‘sulphure
607 721 750 788 iument'
784 721 886 786 divini
917 721 1004 806 ignis
1035 719 1114 785 odor
1145 719 1340 804 ostenditur;
1371 719 1500 802 fulgora

217 832 300 895 atim
322 831 396 893 odor
417 828 577 913 sulphuris
598 830 750 910 aequitem
779 849 818 891 ex
844 827 935 892 fumo
965 829 1074 890 eutem
1102 847 1188 915 mors
1213 825 1389 905 Anchisae,
1416 827 1501 892 sicut

218 937 287 1001 eius
307 936 412 1000 oratio
433 957 570 1020 sequens
589 935 720 1001 indicat.
754 933 848 999 ‘cedo
868 931 1042 1018 equidem',
1065 932 1157 1017 quasi
1180 933 1276 1016 dicat,
1299 933 1377 998 licet
1400 933 1499 998 sciam

221 1065 273 1107 me
301 1064 372 1108 esse
400 1043 604 1107 moriturum.
654 1045 687 1106 et
717 1042 799 1106 bene
833 1041 987 1126 quamdiu
1020 1040 1103 1104 vivit
1131 1037 1302 1122 Anchises,
1335 1043 1442 1105 toturn
1472 1039 1536 1104 oio

219 1149 418 1214 conceditur.
453 1151 582 1232 occidam
602 1148 690 1230 fumo
714 1147 837 1232 hellam,
860 1147 942 1230 qood
962 1147 998 1211 io
1015 1145 1115 1236 Italic
1139 1146 1283 1228 fetorum
1306 1151 1386 1231 erat,
1408 1147 1501 1231 00900·-

220 1257 311 1340 {icori
335 1257 471 1320 coderet.

308 1363 382 1428 699.
420 1377 547 1426 vmnvs
577 1377 734 1426 semron
763 1360 855 1443 quasi
879 1359 1027 1442 pertinax
1057 1363 1087 1424 et
1114 1381 1133 1423 a
1160 1357 1300 1442 pristino
1332 1358 1502 1443 proposito

218 1470 380 1536 recedens
454 1485 494 1534 sn
519 1485 650 1532 'constr
674 1485 722 1532 AD
742 1483 855 1532 aveas
875 1466 1009 1530 verbum
1029 1486 1202 1551 augurum,
1223 1465 1278 1549 qui
1296 1464 1376 1530 visis
1396 1466 1503 1550 auspi·

220 1577 279 1641 ciis
303 1575 483 1660 surgebant
505 1597 522 1637 e
545 1573 685 1658 templo:
709 1572 793 1637 unde
817 1577 868 1636 est
892 1569 1097 1656 ‘extemplo'.
1522 1583 1556 1630 ro

310 1681 383 1746 700.
406 1698 643 1758 nourrvnovs
667 1696 757 1744 unos
781 1679 852 1763 agit
874 1679 937 1744 diis
961 1679 1094 1762 gratias.
1139 1678 1185 1742 oet
1207 1681 1285 1743 corte
1306 1679 1437 1742 invocat.

311 1789 384 1852 701.
420 1813 479 1854 reu
497 1814 554 1854 reu
566 1813 663 1854 ursas
679 1811 758 1852 noar
772 1811 827 1851 ssr
844 1791 874 1851 et
892 1784 975 1851 ‘cedo
994 1783 1146 1868 equidcrn'
1161 1785 1292 1851 &teredii
1303 1805 1373 1850 acm
1387 1784 1506 1850 Areae

222 1897 312 1962 dietis
334 1895 527 1961 consensisse.

312 2003 385 2067 702.
421 2025 468 2065 orr
480 2024 581 2065 aaran
594 2025 728 2066 ssarrrs
746 2025 852 2068 oonru
868 2025 1003 2066 esserra
1019 2024 1165 2066 aurorae.-
1190 2023 1327 2065 onerare
1342 2023 1400 2065 noc
1414 2023 1505 2066 aron

146 2155 149 2160 -
225 2135 302 2175 oron
321 2109 371 2174 hic
393 2109 536 2190 ostendit,
559 2106 716 2172 Anchises
738 2127 775 2172 eo
796 2127 875 2188 quiae
896 2107 1021 2189 optabat
1035 2125 1095 2188 por
1116 2106 1361 2188 impetrationem
1378 2108 1505 2192 0090000
1525 2117 1557 2165 1⁵

223 2217 386 2281 mouisse:
417 2215 586 2297 auctoriam
608 2215 690 2278 enim
714 2219 758 2279 cet
780 2213 932 2297 exquisito
959 2215 1085 2278 01000οι00
1105 2212 1248 2278 volentos
1270 2235 1329 2296 per
1355 2215 1505 2302 moriello

224 2325 335 2388 lionae
357 2323 462 2387 aoiooo
485 2325 541 2385 aot
562 2321 729 2403 signorum.
768 2323 867 2404 perite
894 2341 963 2404 erpo
991 2321 1115 2404 0090000
1142 2321 1179 2385 de
1200 2321 1282 2386 caclo
1306 2320 1504 2405 ‘enormem’

223 2432 310 2498 dieii.
355 2431 422 2495 idco
443 2433 472 2493 et
501 2428 612 2492 adiecit
639 2427 770 2492 ‘secate
792 2427 941 2507 domom',
968 2429 1003 2492 id
1029 2433 1073 2492 est
1091 2447 1201 2511 penus,
1227 2428 1404 2510 familiam:
1427 2427 1505 2493 ‘ser-

224 2543 291 2604 octc
312 2534 475 2620 nepotem’,
498 2556 519 2598 a
541 2555 601 2618 quo
624 2539 739 2600 certem
760 2539 827 2598 erat
847 2533 1027 2599 Roooooooo
1044 2535 1166 2616 prolem
1182 2539 1392 2618 propagatum
1413 2535 1465 2600 iri.

313 2643 385 2707 703.
423 2657 630 2719 vusraoova
650 2658 687 2704 rn
706 2657 843 2704 uvarum
863 2657 968 2705 raom
987 2657 1051 2706 ssr
1069 2640 1104 2704 in
1123 2641 1214 2705 vobis
1234 2640 1339 2706 habeo
1356 2641 1500 2707 Troiam:
1524 2649 1559 2698 20

132 2838 135 2844 Ι
225 2745 470 2834 propter'illud
493 2747 600 2830 (642)
629 2747 697 2811 has
725 2747 820 2811 mihi
849 2750 1073 2812 servassent
1100 2747 1218 2813 sedes.
1263 2749 1322 2812 olii
1347 2749 1394 2813 ira
1419 2770 1506 2831 cepo-

224 2861 319 2921 00000·
342 2858 510 2938 orgarium
531 2875 703 2952 aaronque
723 2860 858 2920 verrom
878 2855 1006 2938 efficiat,
1029 2875 1068 2918 ne
1086 2841 1341 2936 poem‘Troiom
1357 2857 1484 2938 perr'sse.

314 2963 389 3029 704.
425 2988 497 3028 orno
518 2963 618 3027 cedere
630 2962 760 3044 proprie
778 2962 893 3026 dicitnr
910 2963 965 3042 pai
982 2965 1089 3025 contro
1106 2962 1288 3026 sententiam
1305 2981 1397 3027 suam
1415 2963 1507 3028 alteri

225 3070 382 3148 mosontio,
414 3075 450 3133 ot
477 3069 548 3151 <111
579 3069 663 3152 188>
696 3069 865 3133 cedemus
892 3067 1040 3132 Phoebo.
1135 3083 1249 3133 conas
1281 3085 1339 3132 rnre
1372 3087 1505 3135 nscvso

224 3181 352 3241 tanturn
375 3175 416 3240 ad
440 3175 592 3241 solatium
619 3175 761 3260 itineris,
790 3174 908 3259 quippe
939 3174 1129 3259 moriturus,
1156 3179 1194 3239 ut
1221 3175 1371 3240 inserto
1396 3178 1559 3261 <112>2⁶

227 3284 352 3349 Aeneas
381 3279 449 3346 ille
474 3304 593 3347 meum
626 3279 837 3346 comitatus
865 3279 951 3344 iter.
1001 3281 1073 3345 vult
1102 3281 1188 3346 enim
1212 3280 1379 3366 Vergilius
1407 3283 1506 3349 etiam

230 3389 358 3456 Aeneae
382 3372 554 3454 concedere
577 3389 682 3473 patris
706 3387 868 3472 peritiam.

317 3497 391 3562 705.
427 3514 584 3561 emersu
613 3513 693 3559 mun
725 3494 780 3559 hie
809 3493 1081 3579 distinguendum.
1130 3494 1190 3560 olii
1216 3493 1301 3562 ‘ille'
1328 3501 1357 3561 ct
1383 3495 1508 3580 ’0000003

226 3605 279 3670 scd
299 3603 388 3668 maie.
477 3621 523 3667 nr
546 3621 608 3668 ran
632 3603 708 3667 dum
731 3605 844 3686 negat,
867 3599 944 3665 dum
968 3601 1183 3666 ostenduntur
1196 3602 1363 3697 'auspicia

300 3750 332 3798 16
352 3743 498 3814 augurium
519 3785 569 3797 ...
590 3741 745 3814 signorum]
766 3741 800 3796 ci.
819 3740 885 3796 Isid.
905 3739 963 3795 diff.
982 3740 1057 3796 verb.
1077 3741 1117 3810 tl
1134 3747 1168 3796 23
1189 3741 1287 3797 cedere
1307 3784 1360 3798 ...
1380 3741 1507 3817 Phoebo]

227 3815 262 3872 ci.
282 3815 389 3870 Nonius
407 3832 434 3883 p.
454 3820 506 3868 200
525 3815 562 3869 M.

231 3907 442 3917 .-....-——-—-—

298 3947 313 3994 2
333 3941 444 4010 sulpure
465 3939 502 3992 M
519 3939 661 4009 (sulphure
679 3937 914 4008 00111000001011
932 3943 948 3993 3
974 3935 1110 3992 Anchisae
1129 3939 1306 4007 cognoscitur
1324 3938 1481 3998 Fabricius
1499 3943 1509 4014 Η

228 4020 245 4066 4
264 4011 381 4082 iudicat]
402 4015 431 4066 et
448 4011 540 4065 tenuis
558 4009 633 4080 fugit
651 4027 703 4065 ceu
720 4011 814 4064 fumus
832 4010 861 4064 in
880 4027 962 4064 auras
984 4010 1063 4078 (Aere.
1079 4009 1103 4062 V
1119 4015 1180 4078 740)
1198 4011 1261 4066 add.
1278 4011 1302 4064 0
1312 4013 1323 4081 A
1336 4013 1418 4081 qnasi
1431 4014 1509 4070 dicat

228 4084 297 4138 licet
315 4083 401 4137 roiam
419 4098 463 4136 me
484 4081 519 4135 0.-
544 4082 627 4167 Ἦ
644 4081 713 4137 licet
731 4081 818 4136 etiam
837 4081 924 4136 eciam
937 4098 982 4136 me
996 4081 1023 4136 L
1041 4097 1111 4149 quas
1128 4079 1197 4136 licet
1214 4082 1302 4138 etiam
1320 4101 1366 4140 me
1379 4083 1415 4138 Η
1428 4086 1509 4154 quasi

228 4189 296 4244 licet
311 4189 397 4244 sciam
412 4206 456 4243 me
472 4189 509 4242 M
513 4189 543 4242 Ε
555 4192 565 4259 11
579 4197 594 4244 t
610 4189 744 4258 quamdiu
758 4189 841 4261 vivit]
857 4188 931 4258 quod
945 4185 1080 4242 diuinarit
1094 4189 1138 4258 Gt
1152 4196 1168 4243 0
1183 4188 1261 4244 fumo
1274 4191 1387 4259 scripsi:
1402 4191 1509 4246 sumum

230 4261 259 4315 G.
292 4266 407 4316 celerem
425 4260 539 4329 quidam
559 4305 587 4318 ..
604 4305 610 4317 .
629 4260 747 4316 tradunt
760 4261 953 4330 coaiuopcnde
966 4260 1094 4314 videatur
1108 4277 1169 4314 cum
1183 4261 1294 4332 fulgura
1313 4304 1341 4318 ..
1358 4305 1364 4320 .
1384 4262 1509 4331 sequitur

230 4334 289 4400 (lio.
308 4337 350 4400 et:
368 4349 437 4402 quoe
454 4334 512 4386 veri
529 4333 618 4386 simile
640 4339 679 4387 est
701 4333 739 4388 ad
762 4337 791 4387 et
808 4333 867 4387 late
891 4330 995 4385 circum
1018 4330 1083 4386 loca
1106 4331 1238 4401 sulphure
1261 4333 1373 4388 fumant
1391 4335 1425 4401 (0.
1446 4337 1508 4404 008)

229 4405 369 4471 adscripto
387 4405 495 4473 seuseu
515 4411 548 4458 10
567 4421 584 4458 0
602 4404 709 4474 templo
728 4403 793 4457 LH
802 4405 812 4473 ΙΙ
826 4406 869 4458 est
888 4401 1028 4471 extemplo
1049 4403 1086 4456 M
1090 4403 1150 4458 El:
1169 4405 1310 4473 extemplo
1330 4405 1365 4458 Η
1379 4404 1509 4476 ettimplo

229 4477 255 4528 1,
276 4477 286 4544 ΙΙ
311 4475 452 4544 externplo
475 4475 639 4530 adverbium
658 4475 809 4530 Fabricios
831 4475 842 4545 ΙΙ
866 4481 896 4529 11
921 4474 964 4528 dis
983 4474 1014 4528 Η
1035 4475 1046 4544 {l
1069 4481 1102 4528 11
1127 4475 1165 4530 ad
1182 4493 1206 4530 0.
1227 4482 1278 4531 702
1303 4477 1434 4532 Vestrum
1456 4477 1511 4532 hoc

230 4545 387 4616 augurium]
408 4547 555 4615 augurium
575 4546 715 4616 exquisita
733 4547 899 4617 (exquesita)
918 4545 1035 4600 deorum
1053 4547 1184 4602 uoluntas
1205 4564 1255 4618 per
1273 4549 1509 4606 consultationem

232 4616 469 4687 (consolationem)
488 4617 584 4672 auium
603 4619 653 4672 aut
670 4618 821 4688 signorum.
859 4617 976 4672 Seruate
994 4619 1138 4690 nepotem]
1158 4636 1176 4674 a
1197 4637 1253 4689 quo
1276 4623 1355 4676 certa
1373 4625 1434 4676 erat
1452 4623 1507 4674 Ro-

231 4704 329 4743 manae
347 4689 434 4758 prolis
457 4691 624 4760 propagatio
648 4693 835 4760 (propagata).
856 4689 884 4743 P
902 4692 912 4760 l
936 4695 968 4742 19
996 4693 1102 4744 certum
1128 4693 1190 4745 crat
1211 4694 1325 4762 scripsi:
1349 4695 1442 4747 certus
1462 4693 1511 4762 Gli

231 4761 449 4829 propagaturum
468 4761 503 4815 iri
523 4761 546 4816 0
557 4763 567 4829 ΙΙ
580 4767 615 4816 20
634 4761 663 4814 in
682 4761 761 4816 vohis
781 4763 871 4816 habeo
891 4761 1018 4832 tholam]
1040 4762 1070 4814 in
1088 4761 1169 4816 uobis
1189 4780 1223 4818 ea
1241 4764 1335 4818 omnia
1352 4763 1444 4818 habeo
1463 4764 1487 4818 G
1509 4782 1511 4834 0

232 4837 264 4884 25
290 4829 707 4957 00οξ10]ἳ1003ἴ1ἓωρτορο0
726 4835 736 4903 ΙΙ
759 4833 850 4904 sexto]
874 4832 994 4903 septimo
1013 4833 1077 4886 LH
1096 4835 1106 4902 0
1128 4839 1161 4887 27
1182 4834 1269 4903 patris
1288 4833 1440 4891 concedere
1458 4833 1485 4888 L
1509 4835 1513 4904 l

232 4909 265 4957 28
283 4919 362 4972 auspi
378 4903 405 4956 'a

285 5001 358 5042 Servii
373 5014 452 5044 comm.
468 5003 517 5050 Vol,
535 5003 552 5044 1.
568 5004 634 5044 l'sso.
650 5005 667 5046 1.
1264 5003 1297 5051 21
