3626 5558
345 463 409 530 382
919 466 1039 522 82111111

433 627 507 691 222.
543 645 715 706 1PsvnQvn
739 645 900 694 vocanvs
930 627 1080 713 ‘ipsum'‚
1111 629 1144 692 id
1172 632 1221 694 est
1247 646 1357 710 regem
1386 626 1533 710 deorum,
1564 631 1624 691 ant

345 737 431 799 certe
462 733 705 818 praedatorem,
738 733 799 799 hoc
827 739 889 812 est,
922 735 973 799 eni
1001 735 1039 799 de
1066 733 1188 818 praeda
1215 733 1350 798 debetur
1378 719 1514 818 aliquid:
1545 753 1623 798 nam

345 839 485 906 Romani
508 841 607 905 moris
631 840 695 904 fuit
717 844 754 904 ut
777 840 865 906 bella
889 842 1014 926 gesturi
1037 840 1076 905 de
1099 845 1193 924 parte
1216 839 1354 924 praedae
1374 839 1496 925 aliquid
1519 842 1624 906 numi·

233 993 237 996 -
344 946 439 1011 nibus
472 945 718 1030 pollicerentur:
750 947 830 1011 adeo
862 951 899 1012 ut
926 947 1050 1012 Itomae
1083 946 1182 1010 fuerit
1213 967 1312 1010 unum
1343 947 1503 1031 templum
1534 947 1624 1013 Iovis

310 1066 326 1112 a
345 1053 561 1137 praedatoris:
584 1074 651 1118 non
671 1053 756 1138 quod
773 1054 914 1138 praedae
932 1057 1075 1139 praeest,
1094 1053 1150 1117 sed
1165 1051 1295 1136 quodsi
1310 1052 1433 1137 aliquid
1450 1075 1488 1118 ex
1502 1053 1625 1137 praeda

346 1159 511 1224 debeatur.
546 1160 696 1241 estquod
715 1159 765 1224 aa
787 1161 862 1226 ders
883 1162 1021 1227 tauricae
1037 1163 1168 1242 praeca
1205 1179 1275 1242 erpo
1293 1179 1362 1224 eum
1380 1181 1449 1224 eum
1471 1161 1626 1246 invocant,

345 1271 495 1332 armatur
517 1287 549 1330 se
570 1265 653 1330 uitii
675 1266 753 1330 mali
773 1267 873 1347 facere
895 1287 965 1332 arm
987 1269 1054 1332 siue
1076 1265 1195 1333 usaue
1216 1265 1400 1330 iuterimuut
1420 1271 1571 1332 armenta

434 1391 508 1456 223.
545 1409 583 1455 1s
606 1409 747 1456 ereren
770 1409 1008 1470 Psannanova
1031 1393 1066 1456 in
1088 1396 1217 1476 partem
1239 1391 1353 1457 seruet
1373 1391 1520 1475 praedae.

435 1517 509 1581 224.
546 1534 764 1596 nseravsova
783 1535 971 1584 arvernus
995 1517 1093 1601 dapes
1117 1517 1250 1581 deorum
1270 1521 1358 1598 sunt,
1382 1516 1495 1600 epulae
1518 1515 1626 1581 hami·

294 1632 327 1680 10
346 1644 438 1686 num:
470 1622 552 1686 bene
581 1643 658 1707 ergo
686 1627 857 1710 utrumque
890 1624 1013 1708 posuit;
1045 1645 1121 1687 nam
1150 1625 1183 1687 et
1212 1623 1378 1688 sacrificiis
1406 1627 1440 1687 et
1468 1622 1626 1688 canariis

347 1749 477 1812 operam
502 1729 661 1794 tribuunt.
751 1747 866 1797 OPIMIS
889 1730 1075 1816 pinguibus.

312 1853 316 1859 ·
434 1835 508 1900 225.
544 1861 670 1901 srsrrrs
686 1857 746 1918 pro
763 1839 869 1902 subito.
903 1838 1080 1902 adverbium
1101 1837 1137 1901 iu
1155 1857 1265 1901 nomm
1286 1836 1444 1916 dedamur.
1512 1852 1624 1900 aeesv

346 1941 527 2026 eeleritate,
549 1946 586 2006 ut
609 1963 708 2026 supra
731 1942 785 2025 <ll
807 1944 903 2026 225).
1002 1969 1122 2009 nnsrrrr
1140 1943 1325 2008 vetodtatem
1348 1943 1484 2008 ostendit.

434 2066 508 2130 226.
544 2083 721 2130 naaman
749 2091 784 2130 vi
812 2066 933 2132 Graeoa
961 2067 1182 2153 diphthongos
1212 2070 1274 2132 est:
1304 2089 1381 2132 nam
1409 2067 1527 2132 Latina
1555 2088 1626 2131 esse

298 2181 329 2230 lb
348 2194 413 2236 non
436 2167 557 2257 potest,
582 2173 716 2257 quiana
734 2197 757 2237 v
775 2173 903 2256 quidem
925 2174 1091 2240 habemus.
1161 2189 1405 2240 canuaoalsvs
1425 2189 1512 2238 naas
1535 2172 1629 2237 deest

349 2277 463 2361 ‘cum'‚
486 2282 523 2343 ut
546 2279 590 2342 sit
615 2278 699 2344 ‘alas
724 2280 917 2364 quatiebant
939 2301 1012 2344 cnm
1031 2277 1267 2363 clangoribus',
1290 2284 1328 2343 ut
1346 2283 1461 2364 atque
1479 2279 1628 2344 Ixionii

348 2390 463 2450 vento
487 2389 575 2450 rota
598 2386 782 2451 constitit
804 2386 925 2468 orbis,
948 2387 982 2450 id
1004 2390 1055 2450 est
1077 2408 1150 2450 curn
1173 2391 1279 2452 vento.
1321 2386 1417 2451 aliter
1441 2385 1630 2470 acyrologia

348 2496 411 2575 est,
442 2492 470 2556 si
498 2492 684 2577 clangorem
713 2492 795 2557 dixit
823 2493 948 2558 alarum
977 2493 1129 2559 sonitum.
1174 2489 1254 2558 *sed
1274 2515 1348 2558 saue
1375 2493 1425 2557 aa
1446 2513 1550 2559 uuas
1573 2495 1629 2576 qui

348 2599 572 2664 circuurdactus
593 2603 638 2663 cst
660 2598 732 2663 tatis
754 2599 882 2664 auditur
906 2598 1067 2664 ‘resonant
1088 2600 1211 2682 maguis
1232 2599 1416 2664 stridoribus
1437 2597 1559 2664 cluet*

293 2713 327 2760 20
435 2705 508 2769 227.
546 2730 750 2778 cosraarrorr
770 2731 859 2771 orum
881 2729 1016 2770 scaurus
1031 2704 1275 2769 adurrdrendum
1289 2703 1625 2787 ‘quaerelinquebant'.

436 2811 510 2876 228.
548 2829 621 2875 svn
648 2815 825 2894 praeterea.
871 2814 905 2874 et
928 2811 1019 2874 deest
1041 2808 1152 2893 ‘erat’‚
1175 2811 1220 2875 cel
1243 2809 1459 2878 ‘arrdiebatur'.
1502 2817 1533 2876 et
1561 2813 1626 2876 tria

346 2917 432 2982 nuta
454 2919 596 3000 ipsarum
613 2919 732 3002 posuit,
755 2939 854 2984 aecem
878 2923 993 2982 tactum
1014 2918 1144 2982 odorem

438 3043 512 3108 229.
548 3031 688 3110 avaavsi
708 3043 748 3108 ad
766 3041 849 3108 illud
868 3042 972 3106 solum
992 3041 1134 3125 pertinet
1148 3039 1356 3107 ‘instruimus
1371 3040 1531 3126 mensas13
1550 3064 1627 3106 nam

349 3151 424 3212 ante
447 3148 482 3211 in
506 3148 666 3231 speluncis
690 3170 755 3214 non
779 3149 916 3212 fuerant.
958 3151 992 3212 et
1015 3146 1180 3211 sciendum
1203 3147 1287 3213 hanc
1309 3149 1504 3233 particulam
1527 3148 1627 3213 inter-

295 3263 328 3311 25
349 3253 425 3317 dum
449 3253 494 3318 sic
518 3254 607 3338 poni,
631 3258 668 3318 ut
690 3254 845 3320 iteratum
868 3253 991 3338 aliquid
1009 3253 1185 3337 significet,
1208 3257 1245 3318 nt
1263 3253 1291 3318 si
1310 3255 1397 3320 dieas
1421 3253 1513 3320 ‘veni
1532 3255 1572 3319 ad
1592 3257 1626 3318 te

349 3381 457 3443 mane,
480 3381 606 3424 rursum
631 3359 729 3424 veni’.
767 3360 926 3425 interdum
952 3360 1021 3424 sine
1046 3360 1216 3424 iteratione
1241 3363 1303 3445 est,
1326 3365 1364 3426 ut
1386 3360 1451 3426 ‘fui
1474 3361 1559 3445 apud
1582 3363 1625 3443 te,

348 3487 477 3530 rursum
509 3466 585 3531 veni
617 3464 733 3530 ctiam'
766 3487 833 3530 non
860 3465 932 3530 ideo
965 3465 1045 3529 dieis
1075 3464 1246 3548 ‘rursum'‚
1280 3467 1356 3551 quia
1388 3467 1488 3532 etiam
1520 3467 1627 3551 primo

420 3693 504 3748 baed
522 3693 596 3761 quod
616 3734 667 3748 ...
687 3692 833 3765 debeatur]
857 3709 942 3747 exsor.
962 3691 1026 3746 lsid.
1047 3709 1085 3747 or.
1106 3693 1132 3746 X
1150 3700 1201 3748 219
1222 3693 1388 3749 ‘Praedator
1406 3697 1500 3748 autem
1519 3695 1563 3748 est
1581 3693 1626 3746 cni

353 3764 470 3819 debetur
488 3763 523 3818 de
542 3764 648 3834 praeda
665 3763 793 3834 aliquid!
809 3765 820 3833 ss
834 3770 867 3819 16
882 3763 980 3835 atque]
999 3779 1094 3832 georg.
1114 3763 1153 3818 IV
1167 3771 1219 3819 484

421 3983 437 4032 2
455 3977 655 4047 praedatorum
679 3977 750 4031 ME
770 3980 780 4047 n
802 3995 866 4032 nam
887 4021 892 4032 .
913 4018 919 4031 .
941 4020 947 4031 .
967 3977 1075 4046 aliquid
1098 3993 1148 4031 om.
1168 3977 1203 4030 H
1221 3979 1230 4045 ΙΙ
1254 3983 1269 4030 3
1288 3978 1411 4033 romanis
1429 3977 1456 4031 L
1479 3977 1559 4046 (corr.
1579 3977 1600 4044 1)
1619 3975 1628 4045 ll

351 4048 427 4104 bella
445 4050 555 4118 gestare
574 4048 605 4103 F
629 4047 712 4103 bellis
731 4049 818 4118 gestis
839 4049 862 4103 0
872 4051 912 4118 tlt
931 4045 1028 4119 fuerit]
1049 4048 1104 4103 fuit
1122 4047 1153 4101 F
1158 4047 1182 4102 0
1191 4049 1231 4117 118
1250 4049 1288 4102 ad
1306 4048 1334 4102 in
1353 4049 1486 4118 praedam
1505 4050 1627 4118 partem·

350 4136 404 4188 qno
423 4119 518 4175 Iovem
540 4135 617 4188 supr.
640 4137 706 4174 vers.
731 4119 882 4174 secundum
905 4119 1042 4187 quosdam
1066 4121 1214 4188 propterea
1238 4121 1341 4172 uocant
1358 4119 1451 4173 ionem
1469 4119 1499 4171 in
1517 4119 1629 4188 partem

350 4191 470 4260 praedae
494 4191 569 4258 quod
591 4191 652 4260 ipse
678 4189 746 4244 dens
764 4189 889 4244 iustitiae
908 4192 1020 4258 praeest
1039 4192 1148 4244 etcum
1167 4207 1232 4244 eum
1250 4187 1383 4245 innocent
1400 4189 1540 4244 testantur
1557 4188 1630 4243 nibil

350 4261 418 4316 mali
436 4261 530 4316 facere
549 4277 612 4316 cum
632 4261 690 4316 sine
710 4261 824 4316 custode
843 4261 1008 4314 interimunt
1025 4263 1153 4315 armenta
1173 4261 1220 4332 ΤΙΙ
1234 4259 1342 4316 scilicet
1359 4261 1420 4314 liat.
1437 4259 1480 4329 01
1493 4260 1614 4330 praedae

351 4333 459 4402 partem
481 4332 555 4386 anim
574 4333 665 4387 solent
683 4332 736 4386 diis
754 4331 900 4388 immolare
919 4335 1031 4401 partem
1049 4331 1169 4386 retinere
1188 4331 1250 4400 sibi,
1269 4331 1342 4386 unde
1358 4331 1472 4386 Ovidius
1490 4333 1560 4398 (met.
1575 4331 1613 4384 Xl

351 4408 414 4470 154)
436 4403 527 4458 ‘sacra
545 4404 636 4458 tulere
654 4421 733 4458 suam
752 4419 817 4472 pars
836 4404 878 4457 est
896 4402 963 4456 data
982 4404 1076 4456 cetera
1094 4401 1209 4456 mensis’
1231 4404 1295 4457 add.
1315 4402 1466 4458 Fabricius
1479 4403 1518 4471 19
1538 4402 1628 4456 bomi-

350 4491 418 4527 num
436 4491 469 4528 eu
488 4473 612 4528 omnium
627 4475 652 4528 L
670 4474 815 4529 homnium
829 4475 883 4543 ΗΙΙ
897 4479 929 4528 12
949 4474 987 4527 ad
1005 4474 1115 4528 subitae
1133 4489 1209 4542 supr.
1224 4489 1290 4529 vers.
1310 4489 1412 4528 nomen
1426 4489 1478 4542 pro
1492 4472 1628 4528 aduerbio

350 4545 472 4614 positum
493 4544 520 4597 Τ
539 4545 549 4614 ΙΙ
572 4545 720 4600 deflectam
740 4544 771 4598 F
789 4546 800 4614 ΙΙ
824 4551 855 4598 13
874 4546 907 4598 ut
925 4561 1009 4613 snpra
1027 4560 1076 4598 om.
1096 4544 1165 4610 FO,
1184 4546 1299 4610 sortasse
1317 4549 1385 4598 recte
1407 4546 1417 4613 1
1441 4549 1474 4597 14
1489 4561 1557 4604 nam
1575 4561 1628 4599 om.

351 4615 411 4670 Fa
422 4617 432 4686 ΙΙ
447 4621 480 4670 lb
499 4616 546 4688 ne]
565 4634 618 4671 nec
636 4616 808 4687 areanis
828 4615 961 4686 sonitum]
980 4614 1098 4670 Plautus
1116 4615 1145 4668 in
1165 4613 1285 4680 Quernlu
1305 4613 1339 4670 de
1359 4615 1502 4670 anseribus
1522 4614 1629 4670 ‘cuncti

351 4687 411 4740 alas
430 4686 559 4755 quatiunt
578 4686 645 4743 diris
664 4705 726 4742 cum
746 4685 934 4756 clangoribus'
955 4687 1019 4741 add.
1034 4686 1138 4740 Daniel
1150 4687 1160 4755 l
1174 4687 1224 4740 sed
1243 4701 1309 4740 sans
1324 4731 1331 4743 .
1346 4729 1353 4742 .
1369 4729 1374 4741 .
1389 4686 1452 4740 alae
1470 4687 1524 4741 buc
1536 4692 1627 4741 trans·

348 4758 443 4827 posuit
462 4758 627 4826 Marcidus,
644 4765 707 4827 post
725 4758 839 4814 oderem
859 4759 919 4827 (tiu.
940 4759 985 4826 22)
1004 4756 1197 4826 1111121121
1217 4760 1247 4812 et
1264 4773 1314 4812 om.
1331 4757 1362 4811 F
1371 4758 1381 4826 ΙΙ
1395 4763 1428 4810 22
1448 4757 1563 4813 adorem
1578 4755 1610 4810 F
1619 4757 1629 4833 ll

351 4835 385 4882 23
405 4847 502 4883 nenses
523 4827 581 4883 Fa
600 4831 611 4898 ΙΙ
637 4836 672 4884 24
690 4829 720 4884 in
738 4828 890 4900 speluncis]
909 4831 922 4881 1
940 4827 969 4882 in
988 4828 1107 4898 speculis
1126 4843 1260 4898 superscr.
1281 4831 1340 4884 trae
1361 4831 1371 4898 l
1398 4833 1432 4884 26
1452 4845 1545 4883 rursus
1565 4828 1602 4881 M
1619 4836 1629 4898 (j

351 4897 435 4953 uenio
456 4900 493 4953 M
497 4900 540 4953 El
553 4903 563 4969 ΙΙ
577 4907 609 4954 21
629 4901 695 4956 veni
712 4917 763 4959 cru.
782 4901 815 4954 H
