3626 5558
531 465 646 521 001111.
664 466 705 521 ΙΝ
723 466 831 522 vana.
850 465 934 520 AEN.
953 465 1001 521 111.
1022 471 1170 519 1ss-1ra.
1422 461 1487 526 369

211 627 349 693 Saturno
371 649 467 711 quam
488 629 615 708 Irenae
647 629 728 695 hune
754 630 837 696 euim
862 629 943 694 sieut
963 625 1139 694 Saturnum
1161 627 1292 690 utendi
1309 629 1489 707 potestatem

210 735 326 800 hahere

303 843 375 908 140.
412 861 639 922 nrnqvnsnnr
671 861 807 909 nvncns
840 859 971 908 nuruis
1004 843 1085 906 item
1117 839 1197 906 alibi
1230 837 1300 923 <IV
1332 839 1419 922 385>
1453 842 1491 904 et

212 970 294 1013 eum
321 949 471 1036 frigida
498 972 600 1016 mors
624 951 751 1015 anima
774 949 971 1016 seduxerit
994 951 1111 1012 artus.
1158 969 1258 1032 quare
1281 947 1390 1012 anima
1412 947 1490 1013 diei·

212 1060 267 1121 tur
294 1057 434 1141 relinqui
463 1062 496 1122 et
522 1079 588 1122 non
617 1058 723 1142 magis
751 1057 959 1142 relinquere?
1005 1055 1179 1120 seeundum
1208 1075 1263 1120 eos
1287 1053 1413 1119 scilieet
1435 1054 1525 1139 quit

214 1162 328 1228 dieunt
342 1163 504 1246 ,animam
535 1187 606 1229 esse
636 1169 828 1248 perpetuam
859 1167 892 1228 et
921 1162 963 1228 ad
993 1162 1122 1228 diversa
1151 1183 1288 1247 corpora
1314 1161 1491 1227 transitum

213 1268 334 1334 faeere:
367 1269 453 1353 quod
481 1269 510 1334 si
538 1274 601 1355 est,
633 1270 716 1336 bene
742 1270 892 1356 dicimus,
925 1291 985 1334 nos
1013 1270 1138 1334 animas
1162 1269 1322 1354 linquere,
1355 1289 1492 1354 quorum

213 1375 295 1440 nihil
319 1379 450 1460 praeter
474 1398 590 1460 corpus
615 1379 677 1440 est:
707 1399 782 1444 nam
807 1377 917 1442 anima
938 1375 1170 1460 perpetuitatis
1194 1377 1252 1440 est.
1297 1373 1380 1438 unde
1404 1372 1492 1438 Pali-

214 1505 313 1546 nurus
342 1483 377 1548 in
405 1487 496 1547 sexto
526 1483 635 1567 <362>
662 1505 762 1550 nune
790 1505 846 1548 me
875 1483 1023 1549 fluetus
1052 1481 1185 1566 habet,
1208 1481 1271 1568 hoe
1294 1485 1344 1546 est
1367 1502 1493 1565 eorpus,

216 1589 302 1675 quod
329 1590 436 1656 solum
463 1613 571 1654 meum
599 1594 658 1655 est.
702 1597 759 1656 aar
785 1596 862 1656 eerte
887 1591 1068 1673 stupentur
1090 1589 1233 1654 ‘auarus
1255 1573 1356 1653 dulces
1379 1589 1548 1670 linque-10

215 1695 315 1781 huut',
341 1699 417 1780 quia
444 1697 644 1762 merentibus
665 1699 802 1763 mature
823 1697 924 1763 dukes
946 1699 1104 1762 uideatur:
1139 1696 1299 1760 Terentius
1330 1696 1496 1760 animam

215 1804 427 1886 relinquam
445 1805 574 1886 potius
596 1825 703 1886 quum
725 1805 835 1870 illum
857 1805 1030 1870 deseram.
1120 1829 1182 1870 nur
1199 1829 1295 1870 annun
1322 1827 1498 1869 mnnnnuur

217 1912 278 1976 duo
300 1913 387 1976 emta
408 1912 576 1995 siquidem,
603 1915 660 1976 aut
686 1916 813 1976 mertem
836 1916 893 1976 aut
914 1911 1137 1994 aepritude'uem
1154 1911 1323 1993 prolium.
1369 1907 1495 1992 ‘aeqru'

216 2023 321 2084 autem
356 2024 488 2103 aaron.
540 2023 569 2083 et
604 2019 675 2083 hene
710 2017 832 2082 addidit
868 2015 1037 2100 ‘eorporu’,
1073 2019 1148 2101 quia
1183 2023 1212 2082 et
1247 2017 1373 2082 unimus
1408 2037 1496 2100 aeqer
1625 2091 1628 2101 Ι

212 2131 403 2210 potestesse.
564 2149 569 2160 ·
1517 2135 1549 2182 re

309 2234 381 2300 141.
418 2250 583 2298 axvnnan
618 2250 728 2300 slnlvs
761 2250 875 2298 nanos
913 2231 1016 2298 Sirius
1046 2233 1143 2297 stella
1171 2236 1221 2298 est
1253 2232 1288 2298 in
1319 2254 1374 2297 ore
1408 2231 1496 2296 canis

218 2340 340 2424 posita,
365 2363 446 2426 quae
470 2340 562 2405 annis
586 2340 737 2406 omnibus
761 2341 865 2404 oritur
888 2340 975 2404 eirea
997 2337 1085 2404 VIII.
1104 2339 1159 2404 Kt.
1181 2337 1295 2424 Iulias,
1318 2361 1401 2425 quae
1424 2342 1497 2404 orta

217 2447 406 2533 plerumque
434 2447 656 2532 pestilentiam
685 2451 757 2513 toto
785 2469 869 2512 anno
896 2445 990 2530 feeit,
1023 2447 1212 2531 plerumque
1239 2446 1350 2531 paucis
1374 2446 1497 2530 diebus,

217 2553 380 2620 interdum
410 2555 542 2620 innoxia
571 2556 725 2621 nascitur.
770 2554 846 2618 hine
870 2557 920 2619 est
947 2557 985 2618 et
1011 2553 1051 2619 in
1078 2558 1204 2619 totum
1231 2557 1416 2639 regnaret
1439 2550 1497 2618 Si-

217 2661 302 2726 rius
326 2684 477 2746 annum,
500 2663 579 2726 item
603 2684 700 2745 supra
723 2664 761 2726 et
782 2660 918 2726 letifer
942 2683 1072 2726 annus.
1109 2665 1188 2726 tunc
1212 2663 1320 2726 autem
1342 2660 1497 2746 pestilen·
1515 2667 1550 2716 ²0

217 2769 300 2834 tiam
323 2747 420 2852 erent,
444 2769 472 2833 si
495 2768 531 2832 in
552 2767 637 2834 hane
655 2790 723 2833 rem
743 2768 841 2834 etiam
861 2771 1042 2834 ceterorum
1061 2767 1244 2834 consentiat
1263 2789 1375 2834 cursus
1394 2772 1497 2834 astro·

219 2896 301 2940 rum.
348 2896 426 2940 sane
450 2875 607 2960 canicula,
630 2875 665 2940 in
688 2874 777 2940 euius
801 2896 857 2940 ore
880 2878 939 2959 est,
961 2878 1091 2940 tantum
1114 2875 1241 2960 generis
1264 2863 1415 2939 feninini
1438 2878 1498 2958 est,

219 3003 292 3047 eum
315 2982 360 3046 sit
383 2983 472 3046 eanis
496 2981 675 3046 eommunis
700 2982 843 3066 generis,
870 2980 953 3047 unde
975 2981 1038 3047 hoe
1060 2981 1220 3046 nascitur:
1247 3001 1325 3045 nam
1347 2981 1383 3047 in
1405 2979 1498 3047 dimi-

218 3087 353 3153 nutione
377 3089 518 3154 mutavit
541 3108 653 3174 genus.
765 3112 905 3154 srnurnns
931 3113 1072 3154 urrunnu
1092 3113 1186 3154 runos
1206 3089 1359 3154 cauendo
1380 3088 1498 3153 steriles

218 3196 350 3260 reddere.
1517 3199 1551 3246 25

311 3301 383 3365 142.
420 3305 668 3366 saans'enann
692 3297 818 3383 ‘seges'
841 3298 1003 3365 interdum
1025 3303 1149 3366 terram
1173 3300 1348 3386 signifieat,
1371 3305 1409 3366 ut
1431 3300 1499 3366 Ho-

219 3406 322 3472 ratius
354 3405 449 3473 haee
481 3426 593 3491 seges
626 3407 805 3491 ingratos
838 3404 934 3470 tulit
965 3409 1003 3469 et
1033 3406 1135 3471 feret
1165 3406 1344 3496 omnibus
1374 3409 1498 3492 annis,

219 3511 384 3578 interdum
406 3513 617 3595 frumentum,
644 3515 682 3577 ut
710 3511 801 3596 quid
829 3511 953 3576 faeiat
981 3511 1107 3576 laetas
1140 3516 1309 3597 segetes:
1341 3513 1497 3579 hocloco

223 3622 396 3705 utrumque
420 3623 529 3703 potest
551 3618 709 3703 intellegi.

293 3783 324 3830 11
345 3739 504 3847 reialta]
523 3775 566 3830 aa.
586 3775 670 3842 1114,
689 3781 722 3829 a
745 3777 755 3845 ι
779 3781 811 3829 19
830 3776 860 3829 a
877 3773 907 3830 in
924 3774 1027 3846 aaa]
1048 3775 1118 3829 sese.
1139 3775 1225 3830 unas.
1245 3777 1258 3830 1
1278 3781 1329 3831 aar
1352 3778 1362 3846 1
1390 3782 1424 3831 aa
1444 3775 1497 3830 no-

220 3846 322 3918 ratius]
342 3864 386 3916 ep.
405 3847 418 3900 I
438 3853 462 3916 l,
481 3849 586 3916 21128
606 3846 673 3914 quid
691 3845 790 3916 faeiat]
810 3862 904 3916 georg.
923 3847 967 3900 11

292 3995 309 4042 4
328 4005 431 4057 quaere
454 3989 538 4058 11115
557 3987 647 4056 linqui
666 3988 703 4042 Μ
707 3989 735 4043 le
748 3990 758 4056 1
770 3987 896 4056 linquere
915 4003 929 4042 e
950 3989 960 4056 11
984 3994 1000 4042 6
1018 3969 1184 4056 perpetuam
1206 4005 1239 4042 ea
1263 3990 1429 4058 perpetuum
1447 3989 1474 4044 L
1491 3989 1501 4060 11

222 4065 236 4112 7
258 4059 377 4114 dieimur
395 4060 430 4113 H
448 4061 458 4128 1
480 4059 636 4128 relinquere
656 4058 687 4113 F
707 4061 717 4126 l
744 4065 760 4116 8
784 4064 895 4128 praeter
919 4057 1115 4141 eorpuslnihil
1134 4059 1176 4113 est
1194 4059 1220 4112 L
1238 4059 1310 4142 nihil
1329 4063 1373 4116 est
1389 4061 1502 4143 praeter

220 4129 1006 4270 11211111111111111111121121
1023 4147 1057 4254 ‘e
1072 4129 1377 4256 1111111111
1394 4148 1502 4258 ura

222 4272 305 4354 eulpa
318 4274 328 4341 11
343 4219 544 4355 llqterrentine
563 4271 594 4326 F
613 4241 636 4340 11·
648 4278 679 4326 12
699 4271 781 4354 illum
800 4271 842 4355 ld.-
864 4219 944 4355 illeiis
964 4271 1121 4326 Mauricius
1135 4273 1259 4355 primus,
1276 4272 1342 4328 illas
1355 4219 1501 4342 piratae-

221 4347 304 4397 troree
324 4343 446 4398 Tererrtu'
463 4343 528 4397 lubre
551 4344 560 4411 l
584 4349 618 4397 16
637 4343 674 4397 ad
694 4343 781 4397 Sinus
799 4361 830 4397 ru
848 4358 972 4412 marqme
989 4343 1054 4398 haee
1072 4343 1213 4411 adempte
1230 4349 1295 4398 suut
1313 4345 1345 4398 iu
1366 4343 1392 4397 Τ
1414 4343 1502 4413 syrius

222 4414 299 4468 canis
313 4429 444 4484 ‘europae
469 4413 525 4467 suit
550 4431 567 4468 a
592 4413 685 4468 minoe
711 4413 831 4468 donatus
855 4413 983 4483 caphydo
1008 4415 1066 4483 (lep.
1086 4413 1221 4483 Cephalo)
1245 4413 1295 4482 qui
1320 4431 1385 4468 eum
1402 4415 1502 4470 thebas

222 4484 303 4540 duxit
324 4485 373 4540 nbi
396 4485 495 4556 uulpes
514 4486 576 4538 erat
594 4501 665 4553 quae
686 4483 798 4540 anullo
818 4501 886 4539 eane
905 4487 1016 4554 poterat
1033 4484 1097 4553 eapi
1116 4501 1179 4540 eum
1198 4487 1295 4540 autem
1313 4501 1411 4540 canem
1429 4487 1502 4540 hune

133 4607 137 4612 .
221 4555 330 4609 nullum
354 4555 458 4611 animal
480 4557 578 4624 posset
601 4555 719 4610 euadere
744 4556 843 4624 uulpes
861 4555 891 4609 in
909 4572 1007 4610 saxum
1025 4557 1134 4610 metata
1151 4556 1213 4627 (eie)
1232 4558 1283 4611 est.
1314 4555 1390 4612 canis
1408 4559 1500 4612 autem

221 4625 251 4680 in
275 4625 352 4682 sidus
377 4628 406 4681 et
428 4625 492 4682 ideo
516 4626 598 4680 sirius
621 4625 712 4681 dietus
732 4627 776 4680 est
794 4626 861 4695 qnia
879 4625 908 4680 in
926 4625 993 4680 siria
1011 4623 1066 4680 luit
1080 4643 1096 4682 s
1111 4628 1209 4692 (uuum
1226 4627 1336 4682 aarum
1354 4629 1476 4693 weard)
1495 4627 1504 4695 'j

223 4716 316 4752 sumus
338 4703 494 4753 emulantur
516 4697 582 4751 LH
585 4698 622 4752 M
625 4697 656 4750 E
684 4699 695 4767 l
725 4717 845 4752 nunnus
868 4702 893 4750 et
915 4714 1001 4752 renos
1023 4713 1074 4752 orn.
1094 4697 1125 4750 F.
1152 4700 1162 4766 l
1194 4703 1226 4752 21
1253 4698 1502 4752 areat...etian1

221 4784 272 4823 om.
291 4768 319 4822 L
343 4769 385 4838 (iu
403 4787 490 4840 marg.
508 4769 598 4838 suppl.
619 4769 640 4838 11
662 4769 673 4838 1
694 4768 748 4823 hac
768 4783 829 4822 rem
847 4767 882 4821 H
904 4768 958 4822 hae
976 4783 1006 4822 re
1026 4767 1098 4821 ΜΕ
1118 4770 1128 4836 1
1151 4775 1184 4822 23
1205 4767 1360 4824 eommunis
1379 4784 1429 4824 om.
1450 4767 1480 4822 F
1496 4782 1504 4838 1

221 4839 347 4895 noscitur
369 4839 399 4893 F
409 4842 419 4910 11
433 4846 468 4894 21
483 4841 520 4894 nd
538 4839 646 4894 steriles
664 4855 741 4908 supr.
759 4855 827 4894 uera.
846 4854 917 4908 quos
936 4837 996 4907 ipse
1016 4838 1154 4894 exurendo
1173 4839 1297 4896 faciebat
1315 4839 1424 4894 steriles
1442 4840 1504 4894 had.

225 4909 322 4980 Τ128
341 4909 515 4965 frumentum
534 4910 606 4964 FL:
624 4911 764 4965 frumenta
782 4908 890 4964 ΗΜΕ

280 5007 357 5050 Servll
369 5019 450 5050 somn.
468 5009 521 5050 Vol.
535 5009 554 5050 1.
568 5009 634 5052 Fue.
648 5009 668 5050 1.
1258 5005 1293 5054 24
