3636 5550
306 454 373 520 250
882 445 1003 510 sustu

304 619 452 685 crotimb
478 619 626 684 lichnisee.
722 646 837 686 rassae
859 619 1062 685 nabandimna
1088 618 1200 704 ‘earn',
1227 623 1263 684 nt
1284 620 1326 684 sit
1348 618 1434 685 ‘cnm
1457 617 1585 686 arsere’.

306 751 450 792 coarcere
469 724 660 791 ‘coruscum’
683 725 766 790 altas
786 726 921 811 salpen,
943 727 1026 792 aliae
1049 727 1213 791 trernnlnm
1235 731 1286 792 cel.

395 832 468 898 173.
505 858 669 899 nrnrnrnre
688 857 832 899 renense
849 859 990 900 sennense
1010 833 1174 918 hypallape
1195 839 1250 915 est,
1280 834 1403 898 lomim
1429 834 1513 898 enim
1534 855 1585 898 ar·
1614 853 1619 860 ·

304 961 367 1006 sere
389 941 535 1022 [lomense.
612 955 738 1005 seneve
762 956 878 1006 svnon
901 941 983 1005 bene
1007 940 1132 1005 eddidit
1154 939 1301 1024 ‘seleus',
1323 943 1361 1006 ut
1383 940 1586 1025 significaret

270 1046 451 1112 elaborem
475 1046 635 1130 futurum,
660 1069 701 1110 ne
726 1046 809 1111 forte
833 1047 917 1112 alter
939 1047 974 1111 in
997 1047 1172 1112 simulacro
1195 1047 1321 1130 quidet
1341 1069 1436 1112 umor
1457 1049 1585 1114 intelle·

304 1157 444 1238 geretur.
534 1179 643 1220 ssrsrs
656 1155 763 1234 areca]
787 1153 966 1218 *indiciam
988 1155 1129 1219 commoti
1150 1155 1292 1220 nominis
1314 1154 1585 1235 fenestellae*

304 1261 404 1328 Probo
421 1282 496 1330 serre
513 1261 652 1344 displicet
674 1259 790 1326 ‘solens
811 1259 931 1338 errdor',
955 1265 984 1325 ct
1004 1281 1188 1343 enecante
1203 1261 1343 1344 positam
1364 1262 1492 1328 oidelae.
1527 1261 1584 1328 loc

303 1374 406 1434 annm
428 1369 555 1434 Ennius
577 1369 614 1434 de
636 1368 729 1432 nmis
751 1368 838 1432 dreit.

395 1477 466 1540 175.
504 1492 651 1540 nurcvrn
675 1475 813 1553 exsiluit,
842 1475 936 1559 quasi
959 1496 1041 1560 quae
1065 1474 1266 1539 consistebat
1288 1475 1405 1560 invita,
1429 1477 1586 1560 lienam

253 1595 285 1642 10
303 1585 475 1648 damnaret.
573 1607 755 1654 rsanrnorn
771 1607 886 1648 enonas
903 1607 1081 1655 nanciscar
1099 1607 1278 1648 renuerem
1301 1583 1351 1647 his
1377 1584 1460 1648 enlm
1487 1585 1584 1667 sepono

305 1690 488 1756 Pollidium
510 1711 532 1754 a
553 1689 657 1754 ceteris
679 1687 916 1772 discernebatur,
939 1689 1020 1770 qaod
1040 1709 1137 1772 srrpra
1159 1689 1275 1754 dietam
1297 1694 1348 1754 ast.

395 1796 468 1860 176.
504 1811 721 1860 inuenerem
752 1811 915 1873 nnovonn
948 1794 977 1859 si
1008 1794 1058 1858 vel
1090 1792 1202 1878 fugere
1234 1795 1362 1879 possint
1392 1801 1469 1880 post
1498 1797 1582 1862 iram

304 1903 476 1970 Minervae.
800 1964 802 1968 ,
1125 1933 1126 1938 “

395 2011 467 2076 178.
504 2025 608 2074 neers
633 2007 822 2073 adverbium
846 2008 910 2073 loci
933 2012 991 2074 est
1024 2011 1057 2072 et
1078 2007 1222 2091 respexit
1240 2008 1425 2075 Romanum
1444 2033 1582 2078 morem:

249 2129 282 2177 15
303 2139 379 2181 nam
403 2117 431 2182 ei
455 2117 577 2202 egressi
605 2115 691 2180 male
716 2121 930 2200 pugnassent,
953 2116 1200 2180 revertebantur
1224 2115 1264 2180 ad
1287 2118 1449 2201 captanda
1470 2141 1582 2186 rursus

302 2223 446 2308 auguria.
492 2224 564 2288 ilem
597 2223 633 2286 in
663 2223 870 2312 constituendo
903 2223 1097 2287 tobermrarlo
1127 2224 1157 2287 sl
1182 2224 1325 2304 primunr
1355 2226 1429 2290 citri)
1461 2233 1584 2309 captane

301 2335 387 2415 esset,
409 2331 574 2395 secrrnclnnr
596 2329 778 2412 clipeorum
801 2330 882 2410 qnod
904 2331 934 2394 sl
955 2334 984 2394 el
1004 2331 1170 2395 narniens
1192 2331 1268 2395 citio
1291 2337 1415 2430 captrnn
1437 2339 1520 2418 essct,
1542 2337 1586 2400 ed

295 2439 438 2520 prinam
460 2438 569 2536 reperti
591 2457 657 2501 neos
679 2440 754 2502 eret
800 2435 997 2500 meacula
1024 2441 1128 2500 annm
1156 2437 1344 2519 ellpebontnr
1366 2440 1409 2504 acl
1430 2443 1584 2523 captando

302 2545 462 2627 adspicio:
479 2545 533 2610 sed
553 2543 608 2608 hoc
629 2548 783 2608 sonatum
804 2563 826 2606 a
843 2543 971 2608 duabus
987 2541 1154 2626 Marone,
1177 2545 1270 2610 donec
1292 2545 1331 2609 ab
1352 2545 1402 2612 liis
1424 2549 1459 2612 ln
1482 2546 1582 2614 ltrllo

250 2666 285 2715 ao
298 2657 474 2736 mnemon
501 2655 557 2734 eet,
586 2655 711 2733 propter
739 2650 943 2726 sabinianam
970 2654 1136 2732 postquam
1165 2671 1234 2716 cero
1264 2653 1430 2735 imperinm
1461 2655 1583 2738 ἷοηφέαε

297 2759 457 2841 prololnrn
480 2764 536 2843 est,
559 2779 597 2822 ne
618 2760 683 2824 elne
710 2757 749 2822 ab
771 2757 904 2822 cerreta
930 2757 1049 2822 diutins
1071 2757 1197 2835 obesset,
1224 2760 1253 2824 ei
1275 2759 1410 2826 Romam
1432 2762 1477 2827 od
1496 2783 1582 2828 reno

301 2867 406 2932 cando
428 2866 570 2948 orepicia
591 2866 629 2928 de
651 2864 816 2948 lonqinquo
838 2865 1020 2949 revertisset,
1047 2867 1258 2949 constitutum,
1279 2872 1316 2932 nt
1336 2889 1418 2934 unm
1441 2869 1524 2934 locos
1545 2871 1582 2936 dc

301 2973 419 3054 captivo
448 2993 523 3055 apro
552 2970 716 3037 nonianus
744 2971 830 3052 fieret
858 2972 894 3036 in
920 2992 958 3036 ec
978 2971 1157 3055 provincia,
1185 2974 1221 3037 in
1247 2993 1310 3054 praa
1332 2973 1516 3062 bellabatur,
1541 2979 1585 3042 ad

301 3101 403 3165 pacm,
423 3081 452 3146 ei
470 3080 614 3145 renovari
632 3099 708 3160 opos
725 3083 799 3144 esset
815 3079 969 3161 ancien,
989 3079 1054 3144 dnn
1074 3080 1193 3146 rediret.
1266 3106 1430 3154 irascere
1451 3089 1508 3146 ont
1523 3105 1584 3166 pro

249 3199 283 3249 25
302 3187 447 3253 Palladio
459 3188 568 3269 posuit
584 3183 738 3270 ‘nnmen',
760 3191 797 3250 nl
813 3184 982 3269 (17204)
1001 3187 1122 3252 medic
1145 3188 1245 3253 inter
1266 3189 1423 3254 numina
1444 3192 1584 3280 dieram,

301 3299 358 3358 ortt
380 3293 525 3359 ‘nunren’
548 3293 727 3360 Minervam
749 3295 838 3359 dicit.
928 3309 1117 3358 nnnvcnnr
1134 3295 1273 3378 placent,
1295 3296 1515 3364 reconcilient
1585 3381 1592 3394 ·

375 3512 391 3558 2
410 3523 555 3560 coruscum
574 3505 645 3560 alies
660 3545 666 3558 .
683 3547 688 3558 .
705 3547 711 3558 .
726 3505 781 3576 est]
801 3504 934 3574 elglces.
950 3503 1094 3574 Sangerm.
1113 3523 1158 3576 ep.
1172 3505 1299 3563 Hildebr.
1314 3524 1342 3577 p.
1358 3513 1390 3562 81
1406 3507 1445 3577 ]]8
1466 3507 1583 3582 Ennius]

303 3575 357 3631 inc.
377 3574 439 3632 libr.
458 3576 508 3632 rel.
528 3575 605 3630 XXX
624 3592 669 3646 ep.
689 3574 771 3632 Vahl.
791 3594 819 3646 p.
840 3583 891 3630 136

374 3783 390 3830 3
410 3776 447 3829 acl
465 3793 489 3829 e.
510 3780 561 3830 173
580 3772 745 3828 Luminibus
764 3772 895 3828 flammae
914 3773 1043 3844 arrectis]
1063 3773 1214 3844 hypallage
1233 3776 1277 3830 est
1296 3817 1302 3828 .
1318 3815 1324 3828 .
1341 3817 1347 3828 .
1367 3775 1496 3831 flammis.
1524 3777 1585 3832 Sel·

305 3863 351 3902 sus
370 3845 467 3917 sudor]
486 3844 621 3900 indicium
640 3843 775 3900 commoti
793 3843 915 3898 numinis
934 3843 1019 3898 fuisso
1039 3843 1155 3912 dicitnr,
1169 3862 1204 3900 ne
1218 3847 1289 3901 sorte
1305 3846 1379 3900 alter
1391 3847 1420 3900 in
1435 3848 1585 3904 simulacro

303 3917 424 3986 quilibet
448 3918 549 3972 humor
573 3916 788 3985 intelligeretur.
825 3915 916 3970 Probo
942 3931 1009 3970 sanc
1034 3931 1208 3984 superuacuo
1234 3917 1357 3987 positum
1384 3918 1497 3974 uidetur
1523 3962 1584 3976 ...

302 3989 381 4044 dixit.
403 3989 481 4058 Pus
501 3988 626 4042 futurum
644 3987 690 4042 uel
710 3989 785 4041 certe
803 3985 938 4041 indicium
958 4029 964 4040 .
981 4030 986 4043 .
1003 4029 1009 4041 .
1029 3985 1184 4042 diciturne
1202 3987 1275 4043 forte
1294 3987 1368 4056 0]8
1388 3988 1482 4061 lamis]
1502 3991 1585 4046 lacri-

304 4059 357 4114 mis
382 4059 520 4114 Vallenses
541 4060 551 4128 ]
574 4065 589 4113 9
614 4059 652 4113 cd
669 4075 694 4114 o.
715 4063 766 4112 176
790 4057 925 4130 Emicuit]
950 4057 1076 4125 exsiluit,
1100 4058 1180 4126 quasi
1202 4075 1274 4127 quae
1297 4061 1472 4116 consistebat
1493 4061 1586 4118 inuitc

304 4132 453 4200 locumque
482 4130 634 4185 damnaret.
672 4130 858 4198 Permamque
884 4128 903 4184 f.
929 4129 956 4184 h.
983 4129 1030 4200 tr]
1136 4128 1242 4184 dictum
1268 4132 1318 4185 est.
1349 4131 1431 4188 ΡΨ.
1465 4134 1585 4200 'smtcsse

303 4221 412 4257 rurcvrr
431 4200 544 4256 exsiluit
562 4200 641 4269 quasi
660 4200 754 4255 locum
774 4200 928 4255 damnaret.
957 4219 1066 4255 enrcvrr
1080 4200 1161 4268 quasi
1175 4218 1247 4270 quae
1265 4219 1285 4258 e.
1300 4219 1325 4270 q.
1338 4219 1360 4256 e.
1374 4204 1384 4270 ]
1398 4204 1584 4276 consistebat]

303 4272 501 4328 considerabat
523 4273 556 4326 Η
575 4273 585 4340 11
608 4278 641 4325 12
666 4273 703 4325 ad
725 4289 749 4326 c.
771 4277 821 4326 176
847 4271 999 4341 ΤοιιὺωιᾱειΙ
1016 4271 1186 4340 (uenando)
1210 4273 1343 4344 aequore]
1369 4273 1392 4327 ei
1417 4272 1465 4329 uel
1488 4274 1585 4346 ingere

303 4346 368 4414 post
384 4344 457 4400 iram
480 4343 623 4398 Mineruae
642 4341 757 4412 possint
784 4342 812 4396 P
832 4343 842 4410 ΙΙ
864 4347 979 4411 possent
1000 4342 1066 4396 LH
1089 4343 1199 4413 possint
1223 4361 1257 4398 ec
1274 4346 1392 4413 possunt
1409 4345 1440 4399 E
1461 4348 1471 4416 ]
1496 4353 1528 4401 14
1547 4349 1585 4401 od

302 4433 327 4472 c.
353 4421 405 4470 178
427 4415 523 4487 Argis]
548 4413 712 4469 aduerbiurn
735 4413 765 4468 in
788 4413 851 4468 loco
878 4415 927 4468 eet.
969 4412 1045 4482 quod
1067 4417 1161 4469 autem
1184 4415 1225 4469 ait
1250 4415 1362 4470 ‘omina
1383 4415 1413 4470 ni
1436 4419 1582 4487 repetent’

303 4503 380 4542 more
399 4487 526 4542 Romano
545 4485 624 4539 dixit.
653 4485 833 4542 namsi...
853 4485 979 4554 auguris.
1006 4483 1172 4554 Numenque
1205 4503 1307 4540 numen
1327 4487 1483 4543 Minervam
1503 4488 1583 4544 dixit.

304 4557 462 4628 Reducunt]
482 4557 608 4626 placent,
625 4555 816 4611 reconcilient.
836 4557 865 4609 P
876 4558 886 4626 ΙΙ
899 4555 956 4610 1οοί
975 4555 1014 4608 L:
1033 4556 1062 4610 in
1081 4556 1143 4610 loco
1201 4558 1292 4626 ME]
1306 4561 1336 4612 et
1353 4558 1488 4630 respexit]
1508 4559 1585 4628 quod

304 4633 397 4684 autem
426 4629 472 4710 ait¹
495 4627 589 4684 omina
615 4627 645 4711 ni
667 4629 799 4697 repetant
820 4629 943 4710 respexit
966 4626 990 4682 0
1010 4629 1020 4697 ]
1044 4633 1077 4681 15
1099 4629 1292 4710 peuertebatur
1316 4628 1374 4698 P]
1397 4630 1500 4685 ruricus
1526 4631 1554 4684 P
1577 4633 1585 4662 *¹

304 4699 694 4842 ltelntlllttlt.
713 4696 852 4839 nte]
870 4696 1585 4841 1⁰⁷“al⁸srl⁰ll¹lrmlllllllllnlltnllmil

304 4843 372 4896 niel:
391 4840 578 4967 prinlipteripm
598 4841 641 4910 0]
654 4847 689 4895 22
708 4841 892 4896 constitutum
911 4843 954 4896 est
970 4839 1075 4897 Daniel
1088 4843 1098 4911 ΙΙ
1111 4841 1146 4896 de
1161 4842 1272 4912 captiuo
1287 4842 1367 4913 agro]
1388 4789 1422 4898 <lb
1441 4843 1584 4914 captando

304 4929 421 4983 augurio
470 4931 533 4968 anre
