3638 5546
563 469 677 528 Coun.
697 473 736 527 m
755 473 863 528 vanc.
883 473 965 530 san.
985 473 1033 528 111.
1054 479 1166 529 15-20.
1432 473 1496 539 339

218 637 293 702 iude
322 637 444 701 auxilia
473 637 512 700 ad
540 635 673 700 Troiam
701 637 842 702 venisse:
874 658 952 721 ergo
988 639 1054 701 iam
1085 637 1200 702 fuerat.
1247 637 1436 722 Euphorion
1466 641 1509 702 et·

219 743 439 808 Callimachus
455 743 531 807 'hoc
553 743 666 808 dicunt
689 744 802 827 stiam,
832 744 916 828 qnod
939 744 1065 807 Aenum
1089 742 1214 808 dicatur
1238 767 1256 808 a
1280 745 1367 809 socio
1390 743 1497 809 Ulixis

218 851 288 916 illic
312 850 441 932 sepulto
465 871 502 914 eo
527 853 681 934 tempore,
705 872 768 935 quo
793 851 910 914 missus
934 851 1048 915 estad
1072 851 1235 914 frumenta
1258 851 1426 934 portanda.

218 974 319 1022 narra
343 973 476 1034 lmovrs
501 957 582 1020 bene
606 957 683 1040 quid
707 957 751 1020 sit
773 956 918 1021 futurum
943 961 1164 1041 praeoccupat.

310 1063 360 1126 18.
393 1045 579 1126 hunuanus
599 1083 672 1126 ecce
689 1084 749 1126 nec
762 1061 928 1148 Vergilius
943 1063 1070 1127 Aenum
1085 1063 1172 1126 dicit.
1196 1061 1381 1128 ‘Aeneadas’
1396 1069 1499 1127 namra
1518 1075 1533 1122 u

218 1170 268 1234 nie
289 1171 455 1235 secundnm
477 1171 685 1233 cannabinum
707 1191 817 1234 nomen
839 1171 1027 1250 formatum
1050 1169 1141 1234 aliter
1159 1171 1247 1234 ¹incrta
1264 1172 1498 1234 nominativum.

312 1277 362 1341 19.
399 1293 508 1341 secan
531 1261 719 1340 morianna
736 1295 847 1340 numu
871 1276 1001 1356 Veneri,
1025 1299 1044 1339 a
1067 1279 1170 1340 matre
1193 1274 1303 1340 Diona
1326 1277 1499 1340 secundum

221 1383 409 1448 Homerum.
451 1388 484 1447 et
507 1382 588 1447 bene
612 1383 789 1468 dispensat,
812 1387 848 1448 nt
872 1405 943 1448 cunr
967 1383 1134 1448 adversam
1157 1382 1401 1467 navigationem
1425 1384 1499 1447 sub-

222 1491 339 1574 iungit,
361 1489 541 1553 Dionaeam
557 1487 716 1554 Venerem
735 1489 832 1570 dicat,
852 1494 888 1553 nt
906 1489 967 1553 hoc
985 1481 1071 1570 loco,
1096 1490 1124 1552 si
1142 1509 1341 1572 prosperam,
1360 1489 1398 1552 de
1418 1490 1499 1554 mari

223 1618 294 1661 eam
318 1597 405 1660 dicat
428 1617 499 1660 esse
522 1599 734 1679 procreatam,
757 1599 793 1658 nt
816 1594 867 1676 <V
892 1596 978 1676 801>
1002 1594 1099 1658 unde
1123 1615 1242 1679 genus
1266 1595 1382 1659 ducis.
1420 1597 1500 1660 haec
1520 1605 1554 1653 1⁰

225 1707 334 1768 autem
356 1704 570 1786 inquantum
595 1705 713 1786 potest,
735 1723 800 1767 non
824 1695 961 1785 semper,
984 1709 1137 1764 reservat.

311 1810 362 1874 20.
399 1824 603 1873 avsrrclnvs
628 1824 843 1873 coarronvn
868 1825 1009 1873 oranvn
1033 1806 1117 1890 Iovi,
1146 1807 1201 1890 qui
1229 1808 1311 1871 arcis
1335 1807 1413 1871 deus
1438 1812 1500 1892 cat,

223 1916 371 2000 Apollini
399 1919 533 2000 propter
560 1915 709 2000 auguria3
738 1913 854 1978 Libero
883 1935 980 1978 causa
1003 1913 1176 1978 libertatis.
1222 1936 1298 1977 nam
1322 1913 1366 1977 dii
1391 1913 1449 1978 alii
1473 1915 1501 1978 si

211 2025 412 2088 ⁴invocentur
437 2022 477 2086 ad
501 2022 662 2105 privatam
680 2022 845 2104 pertinent
868 2042 1012 2085 causam:
1041 2021 1123 2084 unde
1148 2019 1186 2083 de
1209 2018 1337 2086 Didone
1361 2020 1501 2104 legimus

224 2129 293 2213 <lv
326 2129 389 2212 59>
440 2129 581 2192 lunoni
624 2130 712 2192 ante
753 2149 899 2212 omnes,
940 2129 1001 2192 eui
1038 2127 1167 2192 vinula
1203 2126 1351 2210 iugalia
1388 2149 1501 2190 curae
1522 2138 1554 2186 15

222 2242 355 2320 propter
372 2236 518 2320 nuptias:
539 2233 687 2318 quamvis
707 2235 793 2298 enim
814 2235 861 2298 rei
879 2234 1027 2317 publicae
1046 2233 1173 2298 utilitas
1193 2232 1411 2314 simularetur,
1431 2237 1502 2297 erat

222 2347 332 2407 tamen
356 2341 455 2406 etiarn
479 2338 630 2423 specialis
655 2361 751 2404 causa
771 2339 916 2404 Didonis.
954 2339 1105 2404 similiter
1129 2343 1162 2404 at
1184 2339 1237 2404 hic
1256 2340 1384 2403 Aeneas
1404 2339 1500 2403 sacri·

222 2451 296 2513 licat
319 2447 448 2513 Veneri.
495 2446 579 2530 quod
608 2450 718 2510 autern
747 2445 784 2540 ds
808 2445 927 2511 Libero
955 2446 1108 2523 diximus,
1136 2445 1215 2510 haec
1246 2467 1343 2510 causa
1372 2449 1434 2528 est,
1464 2451 1501 2510 ut

223 2556 353 2640 siguum
382 2554 426 2619 sit
455 2553 577 2617 liberae
607 2553 763 2617 civitatis:
795 2574 872 2618 nam
904 2553 989 2635 apud
1018 2551 1156 2616 maiores
1186 2557 1243 2616 aut
1271 2551 1501 2635 stipendiariae
1593 2591 1606 2618 ο

223 2665 330 2741 erant,
359 2664 417 2725 aut
438 2660 636 2744 foederatae,
665 2665 722 2723 aut
745 2660 878 2724 liberae.
923 2659 978 2723 sed
1002 2661 1037 2723 in
1058 2659 1171 2724 liberis
1195 2659 1381 2723 civitatibus
1405 2660 1502 2724 simu·
1521 2671 1555 2718 no

223 2770 344 2832 lacrum
368 2767 521 2851 Marsyae
544 2773 628 2852 erat,
658 2769 714 2851 qui
737 2766 771 2830 in
794 2766 897 2831 tutela
920 2765 1030 2830 Liberi
1054 2766 1158 2849 patris
1183 2769 1241 2829 est.
1289 2767 1342 2830 scd
1362 2749 1502 2848 auspican

223 2876 361 2939 omniurn
387 2895 491 2938 rernm
517 2879 602 2952 arnt,
631 2875 768 2956 anpurs‘a
794 2878 962 2950 certurnrn;
995 2873 1154 2954 ansyncari
1183 2872 1264 2935 enirn
1291 2873 1387 2936 cnivis
1409 2875 1502 2936 etiarn

217 3003 343 3064 percprc
371 2981 450 3064 licet,
477 2982 646 3063 caprarium
673 3000 762 3062 opere
788 2980 851 3044 nasi
878 2981 913 3043 in
934 2982 1052 3061 patriis
1073 2978 1193 3044 sedibus
1219 2999 1282 3042 nun
1306 2978 1380 3041 licet.
1420 2979 1503 3060 peri-

224 3089 339 3153 tissime
360 3109 429 3170 erpo
450 3087 601 3170 Vespilins
623 3087 732 3150 vernas
753 3086 980 3150 consuetudinis
1002 3085 1144 3148 rnenrinit
1164 3105 1234 3148 cnm
1255 3084 1334 3164 facit
1354 3084 1501 3167 Aeneam,
1531 3145 1533 3152 .

225 3198 300 3279 quia
320 3216 457 3284 pereprc,
486 3196 522 3260 id
542 3195 643 3259 estin
667 3192 806 3256 Thracio
828 3194 906 3275 apii,
932 3194 1156 3275 dampnantem,
1186 3193 1220 3255 id
1247 3195 1290 3255 est
1312 3189 1503 3274 ‘auspicibus
1521 3203 1556 3251 nc

224 3307 394 3385 coepturam
416 3300 561 3385 openrm'.

296 3503 310 3550 'l
331 3494 482 3551 secundnm
500 3494 665 3565 Homerum]
686 3493 717 3549 ll.
738 3493 762 3548 V
782 3499 834 3547 370
857 3495 867 3562 ΙΙ
891 3497 924 3547 18
939 3493 1019 3562 quod
1039 3495 1132 3548 antem
1152 3535 1158 3548 .
1180 3535 1186 3546 .
1207 3535 1213 3546 .
1233 3492 1395 3564 patrissat]
1416 3510 1502 3548 exuor.

228 3567 486 3638 mybhogr.,11112,
508 3575 520 3620 1

302 3733 314 3780 1
335 3725 439 3781 auxilia
457 3726 522 3780 iude
541 3725 618 3781 dicat
638 3727 674 3780 M
695 3730 705 3795 ΙΙ
718 3733 744 3779 ,2
763 3726 927 3796 callimacps
945 3725 1010 3778 ΕΗ
1035 3725 1236 3780 challimachus
1257 3725 1295 3779 M
1310 3728 1320 3794 l
1347 3725 1432 3780 etiam
1451 3727 1505 3780 hoc

233 3799 329 3853 dicum
348 3799 384 3852 M
401 3801 410 3867 ll
429 3803 445 3851 5
464 3797 527 3868 nec]
546 3815 620 3850 nunc
639 3797 690 3867 Fn
708 3804 723 3851 6
743 3799 935 3852 accusativum
954 3796 1058 3851 Daniel
1063 3818 1071 3849 .·
1089 3796 1265 3851 accusatione
1284 3795 1314 3850 F
1326 3799 1335 3866 ΙΙ
1353 3797 1505 3852 forinatum

232 3870 262 3924 F
287 3869 443 3924 derivatum
462 3869 567 3924 Durriel
579 3871 618 3938 1Ιῖ
638 3889 738 3923 nrosss
757 3869 788 3922 F
813 3867 973 3923 niouaash
1001 3888 1115 3922 urousra
1135 3869 1167 3922 Η
1192 3885 1314 3922 proauus:
1330 3870 1367 3923 M
1379 3871 1389 3938 ΙΙ
1403 3869 1505 3924 Veneri

231 3941 260 4012 a]
278 3958 351 3995 uena
370 3941 400 3993 F
415 3941 425 4008 ΙΙ
444 3940 527 3994 diana
546 3941 576 3993 Η
603 3940 697 4010 dyona
716 3941 753 3994 M
765 3943 774 4008 ΙΙ
793 3941 945 3994 secundum
964 3982 970 3994 .
991 3983 996 3994 .
1018 3982 1023 3994 .
1043 3943 1168 3995 reservat
1186 3957 1236 3994 om.
1256 3939 1285 3994 F
1297 3945 1306 4007 l
1326 3946 1342 3993 8
1362 3957 1424 3996 curn
1445 3983 1451 3995 .
1472 3981 1504 3994 ..

228 4011 382 4081 subiungit]
398 4011 421 4065 si
436 4014 588 4079 sequantur
603 4013 721 4065 aduersa
735 4013 779 4064 El
792 4016 801 4080 ΙΙ
815 4011 960 4081 subiungit
973 4011 1184 4082 nauigationem
1200 4013 1239 4065 M
1250 4015 1259 4081 ΙΙ
1273 4019 1288 4066 9
1305 4013 1433 4066 dioucam
1445 4011 1510 4065 ΕΗ

228 4083 363 4152 dyoneam
380 4083 416 4135 M
428 4085 438 4150 ΙΙ
452 4083 529 4136 dieat
546 4099 596 4136 orn.
609 4083 646 4135 M
652 4083 682 4135 Ε
695 4084 704 4152 l
717 4083 792 4154 loco]
813 4083 883 4137 dicit
902 4085 965 4139 aad.
979 4083 1049 4136 ΜΕ
1061 4086 1071 4152 ΙΙ
1085 4084 1121 4155 si]
1142 4100 1205 4138 cum
1217 4085 1252 4137 M
1265 4085 1275 4153 ΙΙ
1289 4083 1312 4136 si
1331 4099 1491 4153 prosperam

227 4155 251 4208 si
269 4171 400 4223 prospera
419 4153 473 4207 erit
490 4152 637 4223 nauigatio
656 4153 686 4207 Ε
698 4157 708 4222 ss
728 4161 760 4209 10
780 4155 857 4210 dicat
876 4172 939 4209 earn
960 4155 993 4208 M
1008 4156 1018 4224 l
1036 4155 1115 4210 ducit
1132 4155 1158 4209 L
1186 4156 1254 4210 dicis
1274 4155 1307 4209 H
1317 4157 1327 4223 ΙΙ
1346 4161 1378 4208 11
1399 4155 1494 4224 potest

228 4225 302 4312 pot?
312 4243 343 4297 Η
355 4245 365 4312 ΙΙ
378 4260 433 4297 non
452 4260 561 4312 semper
582 4243 751 4298 Mescinius:
770 4261 821 4297 nos
840 4261 950 4314 sempor
968 4243 1001 4298 H
1023 4244 1165 4300 Leidensis
1184 4251 1208 4300 et
1225 4245 1329 4315 Rapina
1346 4243 1508 4298 Burmanni

229 4351 310 4418 (enter
331 4339 402 4418 pot'r.
428 4355 453 4404 et
478 4365 528 4404 uos
552 4351 636 4404 trium
660 4351 814 4406 litterarum
836 4353 958 4420 matiam
982 4353 1013 4406 in
1031 4353 1089 4422 H),
1114 4369 1171 4425 pon
1189 4369 1239 4407 om.
1259 4351 1298 4420 L,
1324 4367 1380 4406 non
1399 4365 1509 4418 semper

229 4439 278 4476 ona
293 4421 371 4488 ΜΕ,
390 4422 554 4490 Stephanus,
573 4421 678 4475 Daniel
696 4422 745 4476 sed
763 4439 819 4477 nou
839 4441 948 4492 semper
963 4423 1122 4490 Fabricius,
1141 4427 1255 4491 fortasse
1269 4427 1345 4478 recte.
1359 4424 1370 4490 ΙΙ
1384 4427 1416 4474 12
1432 4439 1507 4474 coss-

229 4512 317 4545 rouvu
336 4512 439 4546 ornava
458 4509 507 4546 om.
528 4492 579 4562 Fl
597 4491 646 4561 qui
664 4493 747 4565 arcis]
767 4495 874 4563 quartis
893 4493 923 4548 F
941 4497 951 4564 ΙΙ
976 4501 1007 4550 13
1027 4497 1153 4567 propter]
1173 4495 1315 4565 pertinent
1333 4493 1365 4547 Η
1380 4495 1390 4563 ΙΙ
1412 4490 1507 4562 causa]

232 4563 310 4632 qnasi
329 4580 411 4618 causa
431 4565 587 4618 Massicins
605 4566 614 4632 ΙΙ
631 4582 698 4618 nam
717 4565 757 4619 dii
776 4565 825 4620 alii
846 4607 851 4620 .
872 4609 878 4620 .
899 4611 904 4622 .
924 4567 994 4622 haec
1014 4585 1098 4622 causa
1116 4577 1160 4621 est
1178 4585 1228 4621 om.
1249 4565 1279 4619 F
1299 4567 1309 4634 ΙΙ
1334 4571 1368 4618 14
1386 4563 1508 4633 pertinet

232 4633 288 4704 Ml
318 4635 403 4704 unde]
422 4638 454 4688 ut
469 4637 505 4689 M
510 4635 561 4704 ΕΗ
578 4640 608 4688 18
624 4637 739 4708 Veneri]
760 4637 869 4692 seilicet
887 4641 920 4693 nt
936 4640 1050 4708 placeat
1068 4640 1152 4694 matri
1171 4639 1234 4693 add.
1251 4638 1279 4690 1)
1292 4639 1302 4706 ΙΙ
1315 4642 1350 4690 20
1366 4635 1508 4689 lederatae

230 4705 332 4759 LHM
345 4707 355 4774 l
369 4707 486 4777 liberae]
512 4706 599 4762 libere
619 4708 743 4763 ciuitatis
763 4709 793 4762 F
804 4711 814 4779 ΙΙ
829 4711 877 4763 sed
898 4753 904 4764 .
925 4753 930 4763 .
952 4753 958 4765 .
977 4712 1051 4781 erat]
1072 4713 1101 4764 in
1120 4710 1215 4766 liberis
1233 4711 1328 4763 autem
1347 4705 1509 4762 ciuitatibus

231 4777 260 4830 iu
278 4777 386 4846 signum
405 4778 545 4833 libertatis
565 4779 743 4834 simulacrum
762 4779 892 4851 Marsyae
911 4785 973 4837 erat
990 4785 1119 4855 mythoyr.
1135 4784 1144 4852 l}
1163 4789 1196 4836 21
1217 4781 1345 4850 Marsyae
1364 4777 1406 4832 F:
1424 4774 1509 4830 marsi

231 4847 295 4902 ΕΗ
311 4852 360 4902 aut
377 4850 462 4904 marsi
481 4853 531 4904 aut
549 4851 666 4906 marsiae
687 4852 758 4906 ME
769 4855 779 4922 ΙΙ
793 4853 918 4923 auspicia
937 4897 943 4910 .
959 4897 965 4909 .
982 4897 987 4909 .
1007 4871 1064 4910 non
1081 4855 1149 4909 licet
1166 4854 1228 4908 aab.
1248 4853 1343 4908 Amin.
1359 4848 1510 4922 praemisso

232 4919 349 4976 inumata
368 4920 502 4990 Diuisque
521 4922 646 4977 ferebam
666 4924 826 4994 auspicibus
839 4927 849 4994 ΙΙ
863 4932 897 4981 26
918 4943 1033 4996 opernm
1053 4943 1103 4982 orn.
1122 4925 1153 4980 F

1236 5013 1298 5068 ¹22*
