3604 5552
297 374 361 438 102
758 349 762 356 '
872 373 993 428 suurn

295 537 463 623 Larentia,
478 559 559 623 quoe
579 542 748 622 susceptos
763 537 846 603 aluit
859 559 986 622 pueros.
1015 538 1050 603 hi
1064 541 1180 622 posiea
1201 559 1298 602 avum
1318 559 1412 602 suum
1427 535 1578 601 Numito·

296 669 364 711 rem
379 646 485 709 oooiso
500 643 632 710 Amulio
647 644 682 708 in
695 666 796 730 regns
810 648 1012 710 revocarunt.
1037 644 1155 730 quibus
1171 644 1248 709 dum
1263 665 1336 708 oum
1350 665 1388 708 eo
1403 648 1577 728 angustum

296 748 401 817 Albae
429 751 589 816 videretur
616 751 803 836 imperium,
830 757 1033 816 recesserunt
1061 753 1094 815 et
1121 751 1261 835 captatis
1290 750 1434 834 auguriis
1463 750 1577 815 urbem

296 858 516 924 condiderunt.
566 858 621 923 sed
649 858 769 923 Remus
802 859 892 942 prior
925 881 980 925 sex
1013 858 1158 923 vultures
1191 857 1286 942 vidit,
1313 856 1435 922 Romus
1463 861 1579 941 postea

262 964 478 1031 uduodecim:
507 985 590 1048 quae
617 987 671 1029 res
699 965 822 1030 bellum
850 965 980 1030 creavit.
1032 965 1066 1030 in
1094 987 1157 1048 quo
1185 965 1346 1029 extinctus
1375 968 1425 1028 est
1448 962 1578 1042 Remus,

297 1076 330 1136 et
354 1095 373 1136 a
395 1070 493 1135 Romi
514 1071 644 1136 nomine
669 1070 809 1136 Romani
832 1072 997 1156 appellati.
1025 1075 1061 1136 ut
1085 1075 1193 1136 autem
1217 1093 1276 1154 pro
1295 1069 1400 1134 Romo
1419 1069 1576 1136 Romulus

296 1177 469 1262 diceretur,
493 1178 708 1243 blandimenti
731 1199 848 1263 genere
872 1178 995 1243 fectum
1020 1182 1079 1257 est,
1102 1177 1187 1262 quod
1210 1177 1332 1262 gaudet
1355 1177 1577 1242 diminutione.

297 1285 382 1371 quod
415 1288 522 1348 autem
555 1307 574 1348 a
607 1285 684 1368 lupa
715 1284 865 1350 dicuutur
898 1283 974 1366 alti,
1010 1282 1197 1348 fabulosum
1230 1279 1423 1368 figmentum
1456 1288 1507 1348 est
1537 1284 1577 1348 sd

297 1391 463 1461 celandam
491 1393 660 1456 auctorum
687 1390 826 1456 Romani
859 1389 987 1475 generis
1019 1389 1262 1472 turpitudinem.
1311 1413 1371 1454 nec
1402 1390 1577 1474 incongrue

246 1516 278 1562 ιο
297 1500 409 1563 fiotum
438 1502 501 1583 est3
531 1521 605 1564 num
635 1501 668 1563 et
695 1497 881 1562 meretrices
910 1497 1004 1580 lupas
1033 1518 1199 1580 vocamus,
1229 1496 1311 1562 uude
1339 1500 1373 1562 et
1399 1497 1577 1581 lupanaria.

297 1609 331 1669 et
354 1608 482 1669 constat
505 1605 568 1671 hoc
590 1605 711 1671 animal
733 1607 769 1670 in
790 1605 895 1670 tutela
918 1625 987 1668 esse
1010 1602 1136 1669 Martis.
1180 1605 1234 1668 sert
1258 1605 1294 1668 de
1323 1605 1439 1688 criptae
1461 1609 1490 1668 et
1510 1623 1578 1668 cou-

297 1713 395 1778 clitore
425 1711 510 1777 urbis
541 1712 661 1778 diuersa
692 1734 713 1776 a
744 1713 872 1777 diversis
904 1712 1080 1776 traduntur.
1132 1708 1254 1775 Cliuias
1286 1710 1381 1790 refert
1409 1711 1580 1776 Telemachi

297 1820 399 1902 filiam
417 1819 535 1884 Remea
558 1821 681 1885 momine
693 1821 815 1884 Aeaeae
837 1823 967 1901 uuptrrm
987 1819 1098 1898 fuisse,
1121 1839 1158 1882 eu
1180 1819 1267 1882 caius
1290 1817 1432 1883 aoeahula
1446 1817 1577 1884 Roruam

299 1926 496 2008 appellatam.
522 1951 536 1980 r
565 1927 640 1992 dicit
662 1929 813 1991 Latmum
835 1947 872 1991 ea
891 1926 980 1990 Vlixe
1001 1930 1030 1990 et
1047 1924 1134 1990 Oiree
1156 1925 1272 1989 editam
1294 1925 1331 1990 de
1352 1925 1477 1991 nomme
1497 1947 1578 1990 soro-

248 2048 279 2097 15
299 2034 345 2098 ris
366 2053 442 2097 serae
464 2039 602 2098 mortuae
624 2034 743 2099 Remea
769 2034 922 2098 ciuitatem
948 2032 1124 2115 appellasse.
1170 2031 1280 2096 Ateium
1306 2033 1424 2096 adserit
1448 2033 1581 2099 Romam

299 2144 370 2203 aute
395 2139 560 2204 adveutum
582 2141 731 2206 Euaumi
758 2141 813 2205 diu
841 2139 1016 2204 Valentiam
1038 2139 1214 2216 vocitatam,
1236 2140 1290 2204 sed
1305 2143 1379 2220 post
1397 2159 1505 2222 praeco
1528 2161 1579 2206 uo·

299 2247 382 2311 mirre
404 2245 523 2312 Remea
544 2249 717 2314 cosmum.
762 2246 821 2310 alii
843 2263 865 2310 a
885 2245 955 2328 filia
977 2245 1127 2310 Euandri
1149 2246 1195 2310 im
1222 2247 1349 2328 dietam,
1377 2246 1436 2310 alii
1464 2268 1486 2311 a
1506 2248 1579 2329 fati-

299 2354 379 2432 dica,
403 2373 481 2435 arrae
497 2356 704 2438 praedixisset
716 2353 868 2418 Euandro
887 2351 936 2418 his
954 2371 1024 2416 eum
1042 2352 1116 2418 locis
1133 2357 1267 2434 oportere
1285 2353 1446 2418 coumdere.
1478 2354 1582 2419 Hera-

299 2460 390 2525 clides
412 2460 614 2542 uillicum,
641 2461 770 2527 mobilem
793 2460 946 2541 captiuam
971 2458 1143 2524 Troianam
1169 2457 1228 2523 huc
1250 2459 1406 2542 appulisse
1433 2465 1462 2524 et
1484 2463 1581 2538 taedio

247 2583 281 2630 co
300 2568 398 2632 maris
420 2570 553 2632 mississe
579 2571 691 2652 sedem,
719 2589 756 2634 ea
778 2569 866 2634 euius
893 2574 1016 2633 amatae
1042 2567 1147 2631 urbem
1173 2571 1320 2632 vocatam.
1366 2567 1584 2635 Eratosthenes

299 2674 444 2750 maeuii,
473 2675 595 2740 Aeaeae
625 2676 701 2759 filii,
728 2674 898 2739 Romulum
924 2677 1087 2755 parentem
1118 2673 1205 2738 urhis
1235 2673 1338 2754 refert.
1389 2675 1526 2740 Naeuius
1556 2681 1585 2740 et

299 2782 427 2847 Eunias
454 2782 576 2846 Aeaeae
603 2803 639 2847 ea
665 2782 735 2864 filia
763 2785 899 2864 uepoiem
927 2779 1096 2845 Romulum
1124 2780 1307 2846 conditorem
1334 2781 1421 2846 urbis
1448 2783 1583 2848 maducat.

300 2887 420 2970 Sibylla
451 2889 498 2953 ita
529 2889 605 2953 dicit
630 2882 799 2972 Ῥωμαῖοι,
828 2881 958 2970 Ῥώμου
990 2886 1114 2963 παῖδες.
1212 2905 1343 2953 naemu
1382 2889 1469 2973 regis
1505 2887 1583 2954 filia.

302 2994 435 3060 abusive
466 2995 513 3059 ait
536 3017 625 3060 more
649 2994 791 3080 poetico,
822 2997 858 3059 ut
887 2992 966 3057 alibi
995 3012 1173 3076 magnum
1201 2995 1359 3079 reginae
1390 2995 1454 3059 sed
1485 2995 1583 3059 enim

248 3113 282 3162 nc
302 3101 512 3166 miseratus
537 3122 716 3179 umorem,
739 3099 773 3164 id
792 3104 842 3164 est
863 3099 948 3184 regis
967 3099 1054 3164 filiae
1073 3099 1261 3184 Pasiphaes.
1350 3125 1496 3167 smarnos
1510 3103 1584 3184 quea

299 3208 338 3272 ab
361 3208 491 3272 Aumlio
521 3208 626 3273 Vestae
648 3209 732 3290 airpo
755 3225 816 3272 esse
838 3206 926 3270 iussa
943 3210 1002 3290 est,
1025 3227 1063 3271 ue
1085 3207 1113 3272 ei
1133 3211 1258 3290 propter
1281 3209 1428 3274 edeudam
1450 3209 1584 3274 suholem

301 3315 437 3396 famellae
458 3319 533 3380 esset
553 3317 620 3380 uiro
642 3315 740 3397 iuupi

389 3423 463 3487 274.
490 3439 610 3487 mussa
631 3437 757 3488 cunule
777 3420 927 3505 gravide,
946 3423 982 3484 ut
998 3442 1071 3484 non
1091 3420 1247 3486 insueta
1265 3421 1395 3506 gravis
1415 3425 1579 3516 temptu-

300 3529 397 3594 bunt
418 3529 564 3612 psbula
587 3528 700 3593 fetas.

373 3693 405 3741 11
426 3686 475 3740 sed
494 3686 528 3740 do
547 3685 656 3756 origine
675 3701 698 3740 e.
714 3703 740 3754 q.
755 3685 789 3755 s]
810 3683 845 3740 ci.
860 3684 957 3740 Festus
975 3702 995 3738 s.
1011 3703 1036 3739 v.
1051 3685 1171 3739 Romam
1185 3686 1194 3753 l
1208 3691 1242 3738 24
1261 3686 1406 3757 magnum]
1425 3686 1458 3740 A.
1474 3686 1585 3757 V123l

303 3763 337 3811 28
355 3774 412 3812 non
431 3757 550 3826 insueta]
569 3756 631 3813 buc.
651 3757 663 3809 l
682 3761 717 3811 49
1097 3808 1099 3814 ,

375 3897 528 3954 1lsrentis
546 3899 573 3952 Β
592 3898 685 3954 tentis.
703 3897 730 3952 L
753 3897 922 3967 (larentisl)
947 3899 957 3966 ΙΙ
980 3902 996 3951 2
1020 3898 1066 3970 eo]
1085 3900 1165 3968 putre
1185 3898 1217 3952 K
1241 3915 1294 3954 avo
1319 3901 1450 3971 mythopr.
1473 3902 1484 3970 l
1507 3907 1586 3956 hro·

302 4000 687 4180 eilluruuull
702 3988 1138 4182 urllhmlum
1156 4058 1230 4165 ‘th
1245 4045 1350 4182 ull.
1362 4043 1588 4112 ¹

306 4188 336 4237 ut
354 4183 462 4237 uidetur
480 4199 579 4236 uramus
602 4185 668 4238 eiu
690 4182 843 4237 imutaoit.
866 4185 876 4252 ΙΙ
898 4181 1056 4236 fabulosum
1155 4183 1372 4255 turpitudinem]
1396 4184 1508 4239 fabulae
1533 4185 1586 4240 hoc

306 4253 453 4310 celandum
473 4255 617 4308 auctorem
636 4253 744 4308 romani
763 4252 872 4324 generis
889 4252 1093 4322 turpitudinem
1110 4253 1138 4306 B
1164 4254 1278 4308 fabulae
1303 4256 1356 4310 hoo
1379 4254 1415 4309 ad
1439 4257 1587 4310 colendam

305 4326 452 4380 auctorum
468 4324 580 4380 romani
598 4325 708 4395 generis
724 4324 931 4394 turpitudinem
949 4325 1059 4394 fingunt
1077 4323 1106 4379 0.
1134 4330 1220 4379 totum
1238 4327 1411 4380 euuatiatam
1433 4327 1484 4380 hoc
1507 4329 1585 4382 uredo

305 4399 474 4451 contractum
489 4397 520 4449 iu
534 4395 571 4450 P:
590 4396 639 4450 sed
659 4413 675 4449 a
690 4396 757 4466 lupa
775 4395 838 4450 ideo
852 4395 983 4450 dicuntur
998 4395 1049 4449 alti
1067 4399 1181 4466 propter
1199 4397 1401 4467 turpitudinem
1415 4399 1425 4465 ΙΙ
1439 4403 1473 4452 10
1491 4398 1588 4452 ficttnn

304 4469 348 4522 est
366 4483 416 4522 om.
435 4466 573 4536 13021’11
593 4469 621 4521 et
639 4473 702 4521 aute
720 4466 879 4522 meretrices
898 4483 947 4521 our.
969 4465 1065 4536 &Pu
1086 4473 1116 4520 11
1138 4466 1241 4521 Martis.
1270 4467 1373 4524 dicitur
1392 4471 1486 4524 autem
1504 4469 1587 4539 lupus

305 4537 391 4593 Marti
410 4537 519 4594 dicatus
539 4539 571 4592 ut
588 4538 656 4594 alibi
673 4537 800 4593 ‘Martius
819 4554 837 4592 a
856 4537 973 4592 stabulis
992 4537 1086 4609 rapuit
1103 4538 1196 4608 lupus'
1218 4538 1368 4594 Fabricius
1381 4540 1391 4608 ΙΙ
1408 4545 1440 4592 14
1459 4541 1587 4594 laesuram

305 4628 324 4665 a
342 4609 472 4680 Scioppio
493 4611 645 4665 iudicatam
664 4610 787 4680 saplebat
806 4610 962 4664 Masaieius
981 4610 1084 4665 addens
1099 4608 1168 4665 Cato
1188 4610 1215 4662 in
1235 4609 1389 4679 originibus
1409 4611 1419 4680 l
1441 4617 1474 4665 15
1489 4611 1586 4666 Ateius

307 4681 477 4737 Mauricius:
497 4680 600 4735 Adeius
621 4679 665 4750 011
686 4687 718 4736 21
737 4683 854 4749 fortasse
871 4679 960 4735 fllium
978 4681 1128 4737 Romulum
1146 4682 1156 4750 l
1175 4687 1207 4734 23
1228 4679 1347 4764 Regina]
1365 4682 1440 4751 regis
1458 4682 1518 4736 filis
1537 4726 1542 4738 .
1558 4725 1587 4738 ..

304 4751 458 4821 Pasiphaes
477 4752 524 4821 Pu
543 4757 576 4807 25
596 4752 744 4823 pasiphae·
764 4753 806 4806 H:
825 4751 961 4822 pasiphae
980 4753 1053 4807 ΚΜ
1069 4752 1201 4822 pasiphes
1218 4753 1246 4806 B
1264 4753 1417 4822 phasiphes
1436 4752 1463 4807 L
1481 4753 1586 4824 (phasi-

305 4824 378 4892 phse
397 4825 416 4892 l)
436 4823 571 4878 Ariadnes
592 4823 747 4878 Massicius
