3636 5550
566 501 679 557 consu.
699 501 739 556 {N
757 501 864 558 vano.
885 503 969 558 AEN.
988 503 1021 558 11.
1043 509 1154 560 ss-so.
1432 503 1495 568 217

213 665 399 747 innuptae
422 663 561 729 donum
584 663 745 730 exitiale
765 663 970 730 Minervae.
1006 665 1101 750 pinus
1125 671 1158 730 in
1177 667 1279 732 tutela
1298 666 1426 752 quidam
1446 672 1497 734 est

216 771 329 835 matris
343 770 454 855 deum3
478 770 533 834 sed
552 773 586 834 et
603 770 752 837 fraudum
771 775 804 837 et
821 771 1023 855 insidiarum,
1047 771 1124 856 quia
1145 773 1212 838 eius
1232 795 1329 856 poma
1347 773 1497 838 cadentia

214 898 272 960 per
302 876 449 942 fraudem
479 875 685 941 interimunt:
716 880 749 942 ct
778 863 960 962 hic⁴equus
990 878 1102 962 plenus
1131 877 1319 944 insidiarum
1349 883 1406 944 est

215 1000 343 1048 sarnus
381 983 501 1049 solutio
539 985 589 1047 est
626 983 776 1066 spondei,
812 1005 897 1050 nunc
929 985 964 1049 in
995 985 1315 1070 proceleumaticum,
1348 985 1430 1052 alias
1462 987 1496 1052 in

215 1088 394 1173 dactylum,
417 1092 454 1154 ut
477 1088 575 1172 <11>
599 1110 704 1153 arma
727 1089 862 1171 virum,
886 1090 967 1154 alias
991 1091 1025 1156 in
1048 1095 1272 1176 anapaestum,
1296 1095 1332 1156 ut
1352 1091 1531 1160 fluvio-o

215 1217 296 1260 runr
319 1215 385 1260 rex
403 1194 608 1260 Eridanus.
644 1195 809 1261 sciendum
827 1217 918 1280 sane,
937 1195 1120 1280 Vergilium
1142 1198 1261 1282 ubique
1281 1196 1315 1262 iu
1334 1197 1496 1266 solutione

214 1301 279 1366 ista
302 1323 431 1366 servare
455 1301 519 1366 sibi
543 1301 784 1366 excusationem
807 1301 1012 1386 synaliphae:
1037 1303 1121 1387 quod
1146 1303 1202 1368 alii
1227 1307 1444 1370 contemnunt.

306 1407 355 1472 lt.
392 1422 515 1478 uosvis
539 1408 701 1474 oblatum:
729 1429 807 1471 nam
829 1407 1037 1491 participium
1062 1412 1120 1474 ast.
1216 1435 1312 1478 vorsu
1325 1435 1347 1476 r.
1362 1437 1387 1478 a.
1403 1413 1440 1492 s]
1464 1413 1498 1478 id

215 1519 260 1580 est
280 1513 395 1580 vovisse
411 1534 472 1595 pro
494 1514 604 1580 reditas.
650 1511 790 1578 *Accius
813 1514 847 1578 iu
870 1511 1027 1596 Deptwto
1050 1515 1235 1598 inemptum
1257 1517 1333 1582 dicit
1354 1517 1496 1582 Miner·

214 1642 278 1687 vae
300 1622 434 1686 donum
457 1622 722 1703 armipotentes
744 1619 874 1686 Daseai
901 1621 1075 1687 abeuntes
1101 1622 1266 1688 dicant*
1356 1649 1392 1690 ss
1417 1649 1494 1690 rsus
1516 1637 1548 1685 ιο

220 1753 353 1794 rucanas
375 1727 429 1792 troc
455 1733 500 1793 est
525 1728 641 1793 redico
665 1727 755 1808 foma
778 1731 899 1792 tautam
919 1727 995 1811 suit,
1022 1749 1085 1792 aon
1112 1733 1140 1794 et
1165 1729 1392 1808 assulatim&
1420 1751 1496 1796 nom

215 1835 369 1916 incipiant
403 1839 432 1898 et
467 1834 599 1898 teostitae
628 1833 803 1915 patefactae
836 1853 905 1898 esse.
1009 1851 1055 1899 aa
1088 1851 1182 1900 raus
1212 1851 1377 1902 vsoarva
1414 1837 1495 1904 bene

217 1943 362 2024 excusat,
385 1961 426 2004 ne
449 1962 523 2005 reus
546 1939 591 2004 sit
614 1939 839 2005 conscientiae.

306 2047 356 2120 18.
393 2063 463 2112 nvo
486 2069 546 2130 pro
569 2046 655 2110 illuc.
745 2071 806 2112 nvo
826 2048 861 2111 in
883 2067 1007 2132 matun,
1036 2047 1081 2112 vet
1108 2047 1143 2112 iss
1170 2046 1249 2114 tunc
1270 2068 1344 2116 reas.
1434 2067 1495 2116 ne·

214 2170 327 2220 uncus
351 2169 511 2220 consoles
535 2152 734 2218 delectorum
757 2153 909 2218 virorum.
999 2171 1139 2220 soarrrr
1163 2155 1327 2222 contraria
1351 2159 1427 2222 suut
1449 2155 1495 2220 di·
1518 2169 1549 2218 rc

215 2261 319 2326 lectus
348 2263 382 2324 et
410 2261 555 2327 sortitus.
601 2259 656 2324 sed
684 2258 918 2344 intellegimus,
945 2259 1056 2343 plures
1085 2259 1215 2346 quidem
1244 2261 1378 2346 electos,
1409 2267 1496 2328 sorte

214 2372 325 2434 tamen
355 2388 393 2431 ex
423 2366 503 2448 ipsis
532 2363 659 2448 ductos,
690 2365 747 2448 qui
773 2364 1024 2432 includerentur.
1114 2387 1226 2434 vravu
1255 2389 1314 2453 pro
1343 2369 1496 2448 virorum,

214 2496 280 2558 qua
302 2474 408 2557 figura
431 2475 464 2536 et
487 2471 522 2536 in
549 2493 647 2557 prosa
669 2473 801 2537 utimur.
847 2473 927 2540 dicit
954 2495 1031 2539 sane
1054 2473 1180 2540 Plinius
1208 2474 1256 2558 [in
1279 2476 1422 2542 naturali
1449 2476 1498 2542 hi·

214 2581 329 2663 storia]
359 2580 422 2645 hoc
449 2580 484 2644 in
506 2584 621 2644 neutro
643 2600 710 2644 non
734 2600 804 2644 esse
832 2579 1027 2664 iaciendum,
1055 2581 1180 2648 scilicet
1207 2585 1341 2668 propter
1364 2604 1495 2650 casuum

214 2687 475 2770 similitudinem,
507 2685 572 2751 nisi
603 2686 689 2750 forte
720 2685 822 2749 nimia
855 2685 950 2750 metri
982 2687 1157 2752 necessitas
1188 2691 1293 2772 cogat.
1384 2714 1497 2756 runnu
1514 2701 1549 2750 so

215 2815 292 2859 nam
314 2815 336 2858 a
356 2794 455 2878 plebe,
482 2793 537 2858 troc
564 2798 609 2857 ast
633 2792 720 2857 nullo
746 2793 870 2875 acuente,
897 2793 933 2856 id
957 2797 1002 2858 est
1028 2793 1177 2860 laeter?
1222 2814 1298 2859 nom
1321 2799 1351 2860 et
1373 2794 1497 2876 sustam

285 3029 303 3077 4
326 3041 422 3077 misna
446 3020 549 3077 solutio
574 3023 643 3076 est.
665 3063 671 3074 .
692 3061 699 3075 .
719 3021 914 3092 contemnunt]
939 3021 973 3077 cl.
995 3021 1107 3077 servius
1131 3037 1230 3078 comm.
1252 3021 1279 3076 in
1299 3021 1369 3078 Don.
1388 3039 1414 3092 p.
1435 3029 1497 3094 ⁴25,

216 3101 248 3149 14
267 3095 299 3150 K
327 3095 404 3148 ‘nam
427 3109 478 3165 pro
502 3092 640 3162 spondeo,
663 3092 712 3162 qni
734 3091 878 3162 legitimus
902 3094 946 3148 ast
968 3109 1063 3148 veram
1086 3091 1206 3162 heroici,
1229 3091 1387 3150 invenimus
1411 3094 1496 3150 etiam

214 3165 359 3234 dactylum
382 3164 519 3234 positum,
541 3165 575 3217 nt
598 3163 688 3218 ‘arma
710 3164 856 3232 virumque
875 3163 968 3232 cano’,
990 3181 1046 3219 non
1069 3180 1220 3233 numquam
1245 3167 1427 3234 anapaestum
1466 3167 1498 3220 ut

216 3236 380 3291 ‘fluviorum
403 3251 452 3290 rex
475 3233 640 3303 Eridanns',
665 3233 817 3302 aliquando
841 3233 1119 3304 proceleumaticum,
1143 3238 1176 3291 ut
1200 3235 1208 3262 ‘
1235 3251 1307 3290 anna
1329 3207 1443 3290 labantl
1469 3237 1498 3292 st

216 3306 333 3362 ‘arietat
349 3307 379 3361 in
397 3306 504 3376 portas'
525 3307 554 3360 et
574 3305 679 3360 ‘abiete
692 3305 806 3361 oostas’.
826 3307 856 3360 st
870 3305 933 3361 laid.
949 3305 1017 3376 orig.
1033 3307 1046 3360 Ι
1062 3311 1103 3374 16,
1118 3312 1152 3361 28
1165 3307 1205 3430 pt
1215 3251 1380 3378 luviomm]
1400 3321 1495 3376 georg.

215 3379 227 3431 1
246 3381 352 3448 48219
371 3377 473 3432 Accius
490 3377 521 3431 in
535 3375 693 3448 Deiphobo]
713 3378 785 3446 trag.
800 3377 879 3432 Rom.
896 3375 998 3460 fragm.
1012 3393 1067 3432 rec.
1083 3375 1114 3432 0.
1129 3377 1164 3431 Bi
1186 3376 1258 3432 beck
1276 3395 1303 3448 p.
1320 3382 1370 3432 152
1390 3377 1432 3434 ed.
1448 3378 1473 3432 11
1487 3381 1496 3444 t!
1527 3367 1537 3388 ⁴

217 3456 251 3504 21
269 3466 336 3504 nam
355 3451 385 3504 et
401 3449 507 3502 furtum
526 3490 532 3502 .
553 3489 559 3502 .
580 3488 586 3501 .
607 3446 758 3519 subripuit]
778 3446 813 3502 cl,
832 3446 897 3502 laid.
916 3463 985 3518 orig.
1006 3447 1030 3502 V
1050 3453 1093 3516 26,
1115 3453 1146 3503 18
1166 3447 1238 3502 etx
1259 3453 1309 3502 106

285 3669 301 3717 2
320 3661 461 3716 nandium
479 3661 506 3715 L
526 3663 536 3730 l
559 3666 575 3714 2
595 3659 771 3730 interimunt]
791 3659 864 3714 unde
882 3659 1022 3714 Martialis
1040 3659 1117 3728 (XIII
1136 3663 1181 3730 25)
1202 3659 1299 3731 ‘poma
1317 3701 1324 3716 .
1345 3701 1352 3716 ‚
1372 3699 1377 3716 .
1398 3677 1431 3715 ca
1452 3661 1494 3716 ut'

214 3735 278 3788 add.
299 3734 455 3788 Massiuae
475 3734 485 3801 Ι
507 3739 524 3785 4
543 3747 610 3786 saus
629 3731 705 3786 abite
724 3730 748 3786 0
764 3731 868 3800 (abiete
888 3731 961 3800 ΟἨ
984 3747 1057 3785 nnnc
1075 3746 1126 3786 om.
1145 3731 1171 3784 L
1188 3733 1198 3800 Ι
1217 3731 1288 3786 alias
1305 3731 1336 3786 in
1353 3678 1494 3800 dactylum

214 3822 263 3859 osa
284 3805 350 3858 LH
353 3804 390 3859 M
394 3804 436 3871 E,
454 3804 501 3858 sed
519 3803 610 3857 Servii
627 3808 692 3856 suat
705 3804 744 3871 15
763 3801 883 3870 uirumq;
904 3799 1025 3870 0(oanc
1043 3801 1133 3856 troiae
1151 3820 1178 3871 q.
1198 3819 1225 3872 p.
1244 3817 1268 3856 a.
1288 3817 1314 3858 o,
1332 3817 1409 3872 supr.
1427 3819 1495 3858 cers.

214 3877 278 3930 add.
294 3875 339 3942 θ’)
360 3891 439 3930 arma
458 3875 546 3928 virum
564 3873 733 3942 tabulaeque
753 3874 782 3928 et
795 3871 880 3928 Troia
896 3889 967 3956 gara
986 3889 1037 3942 per
1055 3872 1144 3928 undas
1162 3873 1313 3929 Fabricius
1326 3875 1366 3942 16
1385 3872 1492 3928 hsrida

213 3965 265 4001 nns
280 3947 324 4016 01
338 3946 418 4016 sane]
438 3947 533 3999 antam
549 3945 622 4013 0Ιῖ
642 3944 862 4014 synaliphaels:
880 3943 1038 4014 smaliphae
1057 3945 1108 3998 rst'
1145 3945 1208 4014 ιἸΒ
1228 3945 1265 3999 ad
1283 3961 1307 4000 c.
1325 3949 1357 3998 1⁷
1377 3943 1481 3999 Votum

214 4017 349 4072 oblatum.
386 4033 452 4071 nam
470 4015 651 4085 participium
674 4017 729 4082 est,
753 4015 782 4070 id
806 4017 850 4070 est
866 4015 978 4070 monim
996 4032 1080 4084 pror
1116 4016 1167 4070 sta.
1204 4015 1245 4070 Ea
1267 4015 1345 4070 tama
1362 4017 1483 4085 uagatur

214 4089 268 4143 hoc
285 4091 330 4142 est
347 4088 461 4142 reditus.
483 4087 511 4140 P
531 4090 541 4154 Ι
564 4093 580 4140 9
599 4087 715 4153 sortasse
733 4085 842 4142 vovisse
860 4103 890 4141 se
913 4089 923 4156 Ι
945 4085 1045 4142 Accius
1065 4125 1071 4138 .
1091 4127 1097 4140 .
1118 4127 1125 4140 .
1144 4086 1240 4140 dicant
1257 4087 1310 4148 true
1328 4091 1496 4156 transposes,

210 4165 274 4229 post
292 4159 479 4214 eonscientiae
495 4159 558 4212 trab.
576 4156 600 4212 0
615 4160 625 4227 Ι
642 4157 772 4212 deiloebo
792 4157 840 4226 01
857 4157 999 4213 Minervae
1017 4157 1121 4212 donum
1140 4156 1342 4240 armipotentes
1360 4157 1496 4214 abeuntes

214 4231 306 4286 Danai
328 4230 425 4284 dicant
449 4229 585 4298 Bsrptsus
622 4228 724 4300 [Deae]
749 4229 891 4284 Minerm
914 4228 1018 4284 donum
1041 4227 1224 4298 armipotentr
1247 4229 1382 4284 abeuntes
1407 4229 1497 4284 Danai

215 4301 314 4355 dicant
330 4301 525 4369 Rsttecks'ast
549 4305 579 4354 11
600 4300 706 4354 reditus
726 4301 766 4353 P:
784 4317 834 4370 pro
852 4299 944 4354 reditu
964 4299 988 4354 0
1006 4302 1017 4368 Ι
1038 4301 1148 4354 tantum
1167 4299 1245 4354 tama
1261 4300 1363 4356 metim.
1382 4304 1497 4354 mersos

214 4373 292 4426 fanus
320 4374 417 4426 tamen
443 4373 564 4425 arctavit
588 4371 768 4440 Scioppius!
790 4371 868 4442 nam]
894 4371 1018 4425 nondum
1043 4371 1107 4426 add.
1132 4369 1168 4425 F.
1188 4371 1344 4424 Schodlisu.
1377 4371 1411 4436 cl.
1435 4370 1496 4425 Tit,

214 4441 1496 4511 Dmatmadhaaeaers.112patelacmeesse.Beneeroexensat01141sst

215 4533 237 4568 r.
265 4519 298 4568 18
324 4513 399 4584 Huc]
428 4531 478 4583 pro
505 4513 586 4581 illoc,
613 4514 643 4566 in
670 4529 774 4582 equum
798 4513 845 4567 uel
870 4511 899 4566 in
924 4513 997 4567 hanc
1021 4530 1088 4568 rem.
1125 4458 1243 4567 lteleots
1268 4529 1302 4566 co
1354 4511 1398 4582 ra]
1425 4553 1431 4566 .
1455 4555 1462 4568 .
1489 4557 1494 4570 ,

215 4589 306 4654 οομι.
343 4585 464 4655 Furtim]
488 4585 622 4652 latenter,
647 4584 720 4639 unde
744 4583 819 4638 fures
837 4627 843 4638 .
863 4623 870 4636 .
890 4623 896 4636 .
916 4583 1080 4652 subripiunt.
1102 4583 1159 4652 ΡΙ
1181 4601 1293 4638 oscam
1365 4586 1375 4650 Ι
1404 4589 1436 4638 lb
1455 4583 1495 4636 di·

215 4657 354 4711 lectorum
373 4656 439 4709 HE
459 4661 469 4722 Ι
495 4656 626 4710 Missa
643 4657 682 4708 od
705 4674 810 4709 sorrrrr
829 4661 893 4724 post
910 4655 1042 4708 solsolissa
1060 4656 1098 4708 ud
1117 4673 1201 4708 srarss
1218 4655 1280 4709 hat.
1301 4653 1325 4708 0
1343 4657 1354 4724 Ι
1382 4655 1495 4725 marim]

217 4745 320 4788 samm
333 4727 388 4794 ΗΙ
400 4727 520 4780 dilectus
536 4727 572 4781 0:
589 4727 713 4780 delectos
727 4727 753 4778 L
775 4726 894 4779 dilectos
908 4725 941 4778 H
956 4725 1081 4780 delectam
1096 4725 1203 4794 ΜΕΙΙ
1220 4731 1251 4781 tt
1265 4725 1380 4780 sortitus
1396 4725 1496 4780 Mat.-

215 4797 575 4864 sorsGsortitosLHfl
600 4795 1372 4867 18qus]qnasiH1innaturalihistorisseclsst
1408 4796 1496 4852 <lere

214 4869 402 4938 grammatica
419 4868 580 4934 Fabricius,
593 4869 640 4922 aad
653 4870 766 4922 serata
778 4867 902 4936 quotieas
914 4869 1122 4936 pumicum
1134 4866 1229 4922 Plinii
1242 4873 1417 4937 praoeqaen
1430 4883 1496 4936 pro·

213 4943 269 5006 sarr
286 4941 397 4994 titstssr
416 4941 483 4994 tstrs'
500 4937 1061 5008 macutant.t19lsoe]hioc'lnon
1078 4937 1353 5010 asumptum
1370 4935 1496 5008 adeo)
