3590 5558
297 419 339 482 '12
871 415 992 470 sueva

293 583 419 664 tropea
440 582 592 663 franpas
615 581 787 644 torridas.
814 599 889 644 sarie
910 577 959 644 tis
980 579 1116 644 uersibus
1139 578 1221 644 ‘tom
1240 577 1375 644 German
1394 585 1572 660 comptam

294 687 402 753 trodis'
434 693 463 752 ct
494 685 622 751 ‘torrere
642 691 764 767 purant
793 686 930 768 flammis
956 691 986 749 et
1014 686 1158 769 franperc
1189 684 1280 750 soao’
1315 687 1363 749 ius
1388 687 1571 766 pontificum

296 797 421 860 luuntur
443 795 575 876 attiopit.
620 794 763 874 flamines
785 793 1049 874 comissatorem
1074 793 1291 873 satientatem
1318 793 1488 878 coatiapcre
1510 814 1570 857 ooo

296 903 410 967 caecat.
455 922 523 966 cam
546 901 746 965 autemdicit
772 897 925 964 ‘Cererem
951 905 1127 982 corruptam
1154 897 1262 964 uasta’
1291 904 1318 962 ct
1346 897 1476 976 ‘mame
1493 921 1526 982 p.
1547 900 1570 980 f.

260 1015 323 1074 tet
350 1011 374 1091 f.
397 1009 450 1086 s.',
481 1009 557 1090 quid
586 1007 676 1072 altrat
705 1008 846 1084 ostendit,
877 1028 971 1089 quiam
1002 1027 1074 1071 moa
1104 1027 1152 1071 cos
1183 1007 1250 1070 siue
1278 1007 1426 1087 farucato
1454 1027 1568 1088 ponem

293 1118 417 1195 coram,
440 1117 494 1198 qai
516 1135 619 1179 omisca
639 1115 745 1197 tropea
765 1119 924 1196 corruptos
940 1113 1159 1196 protulerant?
1188 1135 1250 1178 ooo
1268 1118 1372 1178 aarum
1389 1118 1571 1195 exspectasse

293 1244 341 1288 eos
361 1223 559 1304 ferm-catum,
582 1223 665 1286 docet
686 1222 740 1286 illo
763 1239 852 1286 ocrea
875 1219 957 1285 ‘tum
979 1222 1061 1284 uictu
1083 1226 1225 1285 revocarit
1245 1218 1349 1284 oircs’.

385 1329 456 1393 180.
490 1346 625 1392 Annuas
654 1328 771 1392 merita
793 1349 1005 1412 personarum
1030 1327 1150 1392 vilibus
1178 1325 1294 1392 ofliciis
1323 1327 1479 1392 interesse
1507 1349 1571 1392 uon

294 1435 427 1499 dehent:
457 1435 541 1520 quod
570 1435 651 1498 hene
679 1439 788 1498 servat
815 1434 935 1518 ubique
959 1434 1138 1518 Vergilius,
1167 1438 1204 1498 ut
1230 1433 1292 1497 hoc
1320 1434 1405 1518 loce,
1432 1435 1510 1498 item
1538 1434 1573 1498 in

243 1560 275 1607 10
294 1546 387 1607 sexto
411 1565 484 1607 curn
508 1542 643 1606 diversis
668 1540 784 1605 officiis
808 1539 965 1604 'lhoiauos
989 1538 1110 1604 diceret
1133 1544 1320 1622 occupatos,
1344 1540 1392 1605 ait
1419 1545 1458 1605 et
1484 1541 1571 1624 pius

294 1646 443 1713 Aeneas
481 1671 587 1714 arces
630 1647 768 1733 quibus
811 1648 915 1711 altus
957 1645 1098 1730 Apollo
1140 1646 1356 1730 praesidet:
1397 1646 1461 1711 nisi
1499 1669 1571 1712 cum

295 1777 393 1819 causa
425 1756 557 1839 pietatis
586 1755 773 1836 intervenit,
805 1759 842 1818 ut
872 1753 912 1817 ad
941 1753 1160 1836 sepeliendum
1190 1753 1312 1817 socium
1341 1753 1502 1818 Misenum
1534 1755 1572 1819 de

297 1861 405 1927 Aenea
427 1862 511 1926 dixit
533 1861 769 1946 paribusque
798 1860 1018 1945 accingitur
1046 1861 1171 1925 armis.
1258 1877 1443 1925 scorvuvra
1466 1861 1499 1925 id
1523 1867 1572 1925 eet

294 1967 467 2051 speculam.
512 1973 546 2032 et
569 1966 696 2052 quaudo
721 1967 973 2050 speculationem
998 1966 1233 2051 significamur,
1257 1967 1384 2049 generis
1409 1970 1460 2031 ast
1481 1967 1571 2032 femi-

242 2093 275 2140 15
294 2075 376 2152 nini,
400 2078 437 2138 ut
461 2074 619 2158 specula
642 2073 813 2138 Misenus
837 2072 883 2137 eb
908 2073 996 2137 alta.
1043 2073 1209 2156 speculum
1229 2076 1352 2152 autem,
1374 2074 1408 2137 in
1429 2096 1492 2158 quo
1515 2096 1574 2138 uos

293 2181 472 2266 intuemur,
495 2181 624 2265 generis
649 2185 698 2245 est
722 2180 841 2263 neutri,
869 2183 906 2243 ut
928 2177 1090 2243 Iuvenalis
1115 2181 1312 2263 speculum
1336 2181 1469 2245 civilis
1494 2205 1574 2246 aar·

294 2288 380 2351 cina
404 2286 511 2350 belli.

385 2394 454 2458 181.
489 2412 581 2458 Lara
610 2410 711 2457 earm
743 2392 777 2456 iu
806 2395 964 2478 quantum
991 2396 1110 2476 potest.
1200 2411 1340 2459 ratleo
1369 2395 1403 2459 in
1431 2377 1595 2480 pelagus,

293 2505 330 2564 ut
359 2499 601 2586 inferretque
632 2500 722 2574 deos
752 2499 873 2564 Latio.
968 2517 1111 2564 Aurana
1142 2518 1172 2565 sl
1203 2519 1301 2577 Qvnu
1331 2506 1386 2566 aut
1420 2502 1498 2567 ordo
1527 2507 1575 2567 est

240 2625 275 2672 20
294 2607 455 2672 ‘ascendit
486 2607 655 2691 scopulum
684 2606 901 2691 requisiturus
935 2605 1064 2670 Anthea
1094 2605 1207 2690 Capyn
1237 2603 1370 2671 Caicum
1378 2659 1386 2692 ,
1419 2609 1447 2672 si
1481 2632 1574 2693 quem

294 2713 428 2779 videat'.
476 2718 508 2776 et
531 2737 609 2778 usus
634 2719 684 2777 est
706 2713 768 2777 hoc
792 2733 909 2798 genere
934 2713 1139 2797 elocutionis,
1168 2736 1232 2797 quo
1256 2719 1289 2776 et
1312 2713 1498 2799 Terentiae,
1522 2716 1577 2800 qui

295 2821 378 2884 dixit
401 2820 502 2904 quod
525 2820 701 2903 plerique
726 2841 854 2883 omnes
877 2819 1030 2884 faciunt
1054 2819 1352 2884 adulescentuli.
1381 2823 1471 2905 atqui
1493 2822 1575 2886 nihil

294 2932 363 2992 tam
387 2923 599 3010 contrarium
624 2948 736 2990 omnes
761 2926 846 2990 enirn
870 2927 1020 3010 generale
1049 2933 1112 3011 est,
1140 2927 1284 3014 plerique
1314 2921 1471 3012 speciale?
1499 2929 1575 2993 ordo

296 3075 310 3080 -
326 3071 508 3081 -··----.-—--

369 3162 402 3210 10
420 3159 451 3210 at
469 3155 545 3227 pius]
563 3156 595 3210 A.
616 3155 654 3208 VI
673 3157 760 3224 91113
780 3153 964 3226 paribusque]
989 3155 1021 3208 A.
1041 3155 1079 3207 VI
1101 3157 1221 3224 184116
1242 3157 1368 3228 specula]
1389 3158 1421 3211 A.
1441 3157 1480 3210 lll
1500 3159 1579 3223 1391

296 3227 694 3354 {glpfvequqs]aga]12,103
718 3229 728 3296 11
751 3233 784 3280 19
808 3226 990 3296 inferretque]
1012 3229 1042 3279 A.
1068 3225 1080 3277 Ι
1104 3232 1120 3278 6
1142 3227 1152 3294 11
1175 3233 1207 3282 21
1233 3228 1393 3299 Terentius]
1418 3229 1533 3282 Andr-..1
1555 3235 1578 3296 1,

369 3519 381 3566 1
407 3512 519 3580 franges
539 3510 564 3565 O
588 3511 699 3566 frendes
718 3511 830 3566 Nouius
847 3529 875 3580 p.
895 3517 956 3579 447,
975 3517 1019 3577 20,
1042 3514 1142 3580 recepit
1160 3513 1324 3568 Ritbcclcias
1345 3515 1356 3583 11
1379 3519 1396 3566 a
1419 3513 1463 3567 ius
1486 3513 1577 3583 ponti-

295 3585 378 3637 ficum
477 3587 584 3637 tortore
609 3600 635 3651 p.
655 3582 673 3635 t.
694 3585 723 3635 et
741 3581 759 3637 f.
780 3601 800 3636 s.
820 3599 870 3636 om.
892 3582 927 3649 0,
949 3584 982 3636 iu
1004 3599 1090 3652 mora.
1111 3585 1173 3638 odd.
1195 3583 1234 3638 0¹
1256 3586 1304 3653 13
1331 3584 1438 3655 autem]
1462 3585 1578 3650 sonasse

297 3655 424 3723 euimtt
443 3654 510 3722 quid
531 3652 577 3707 0²:
598 3653 645 3722 qui
666 3652 739 3721 G]8
759 3655 796 3708 ad
814 3670 837 3707 v.
861 3659 912 3708 180
934 3653 1098 3726 Scopulum]
1121 3655 1150 3708 id
1174 3657 1217 3709 est
1236 3655 1376 3724 speculam
1398 3659 1578 3726 ...generis

296 3725 397 3780 neutri.
420 3725 447 3777 P
459 3727 469 3794 11
481 3743 583 3778 seruas
602 3768 607 3777 .
626 3768 653 3778 ..
674 3725 831 3794 accingitur
850 3725 935 3779 armis
953 3741 1003 3779 om.
1022 3726 1050 3777 B
1072 3727 1082 3794 11
1106 3733 1137 3779 12
1158 3729 1190 3781 ut
1208 3726 1242 3780 ad
1263 3727 1453 3795 sepeliendum
1472 3726 1578 3780 socium

296 3797 434 3850 Misenum
459 3797 493 3850 de
519 3797 615 3849 Aenea
639 3794 710 3848 dixit
734 3795 903 3865 paribusque
1018 3797 1101 3850 armis
1127 3797 1162 3852 F.
1188 3797 1350 3851 Schoctls'us:
1377 3801 1410 3851 ut
1437 3799 1473 3852 ad
1499 3813 1576 3866 sepe·

297 3868 422 3921 lieudum
448 3866 556 3920 socium
582 3865 726 3920 miscendo
753 3867 877 3920 decanea
902 3866 973 3920 dixit
998 3867 1166 3936 paribusque
1192 3868 1350 3941 accingitur
1375 3867 1460 3922 armis
1486 3869 1518 3921 K
1543 3869 1579 3922 ed

298 3937 993 4076 a{Erasistratumparor.
1006 3938 1171 4064 atat
1185 3940 1270 4064 tec
1281 3938 1579 4064 tristarer

299 4081 362 4134 odd.
384 4077 436 4144 C²;
455 4081 489 4133 ut
506 4079 542 4131 ad
561 4050 751 4147 sepeliendum
771 4027 861 4134 soeioi
880 4079 1022 4134 miscendo
1042 4097 1070 4134 se
1090 4081 1168 4149 operi
1187 4080 1258 4134 elios
1277 4082 1437 4135 hortaretur
1454 4098 1505 4135 noc
1524 4027 1579 4135 noli

376 4150 465 4202 socios
491 4165 567 4218 supr.
587 4167 653 4205 cers.
674 4149 718 4220 Off)
746 4153 778 4204 ut
806 4150 841 4204 ed
864 4150 1055 4220 sepeliendum
1079 4151 1165 4206 sotios
1188 4151 1330 4207 miscendo
1354 4169 1382 4207 se
1407 4153 1486 4222 operi
1509 4152 1578 4206 alios

300 4222 440 4276 artaretur
458 4237 578 4274 aueueas
596 4237 647 4274 uec
666 4238 722 4276 non
740 4237 825 4290 opera
843 4221 916 4276 inter
935 4222 1005 4276 talia
1023 4223 1129 4292 primus
1153 4223 1281 4277 hortatur
1304 4225 1391 4278 sotios
1410 4223 1579 4292 paribusque

299 4291 458 4361 accingitur
476 4291 560 4345 armis
579 4293 605 4344 L
629 4293 671 4360 (ut
694 4292 730 4345 ad
749 4293 940 4362 sepeliendum
960 4294 1066 4348 socium
1085 4295 1119 4348 de
1139 4311 1226 4348 aenea
1249 4293 1320 4347 dixit
1343 4295 1511 4364 paribusque
1534 4311 1579 4349 ao·

301 4363 423 4434 cingitur
442 4362 527 4416 armis
547 4365 567 4432 t)
591 4371 622 4416 ut
646 4363 681 4416 ad
701 4363 892 4432 sepeliendum
917 4364 1007 4418 socios
1025 4363 1167 4420 miscendo
1191 4381 1220 4417 se
1244 4364 1321 4434 operi
1345 4365 1417 4419 alios
1441 4368 1580 4420 ortaretur

300 4453 351 4489 uec
376 4451 431 4488 uon
451 4433 559 4488 Aeneas
659 4434 743 4488 armis
768 4435 799 4487 H
824 4438 856 4488 ut
879 4435 913 4488 ud
937 4435 1128 4504 sepeliendum
1152 4436 1258 4489 socium
1280 4435 1423 4490 miscendo
1448 4453 1477 4490 se
1502 4437 1580 4504 operi

301 4505 372 4560 alios
400 4507 562 4560 hortaretur
588 4523 640 4560 uec
667 4522 723 4560 nou
752 4523 852 4559 aeneus
952 4507 1036 4559 armis
1061 4509 1098 4561 M
1118 4509 1128 4576 11
1153 4515 1184 4560 14
1212 4507 1335 4578 quando]
1362 4507 1502 4576 quomodo
1529 4507 1556 4559 P
1578 4514 1581 4570 1

303 4582 335 4629 17
355 4577 432 4642 belli,
452 4577 525 4644 quod
580 4593 645 4632 acce
666 4574 801 4644 ἕνοπτρον
820 4576 922 4630 dicitur
941 4577 992 4647 D]
1009 4583 1040 4631 18
1055 4579 1092 4632 od
1105 4597 1129 4632 c.
1146 4584 1196 4632 181
1213 4579 1283 4634 Late
1297 4577 1379 4647 petit]
1399 4578 1427 4632 iu
1445 4581 1580 4647 quantum

302 4650 403 4716 potest.
442 4595 610 4719 Pelagoffrin
635 4647 752 4716 pelagus
772 4689 800 4708 .,
817 4689 823 4701 .
843 4647 933 4701 Latio.
971 4651 1061 4704 Antea
1083 4650 1204 4721 siquem]
1227 4649 1295 4703 ordo
1319 4652 1362 4702 est
1384 4650 1510 4704 ascendit
1529 4693 1534 4705 .
1551 4691 1580 4705 ..

302 4718 406 4774 uideat.
445 4720 474 4772 et
496 4719 551 4772 hoc
574 4720 659 4772 litut
681 4719 825 4773 honestior
847 4719 931 4772 fuerit
956 4719 1068 4777 locutio.
1095 4723 1122 4774 P
1143 4724 1152 4790 11
1177 4727 1209 4774 19
1234 4720 1316 4774 Latio
1340 4738 1391 4788 pro
1415 4720 1444 4773 in
1469 4721 1580 4774 Latium

305 4789 377 4842 Lina
399 4792 409 4858 1
431 4809 516 4842 sures
536 4789 569 4842 K
587 4791 597 4858 1
619 4795 651 4844 21
672 4789 821 4844 locutionis
839 4788 898 4844 ΒΟ
917 4793 927 4859 1
949 4791 1023 4860 quod
1044 4793 1111 4846 KH
1129 4795 1139 4860 11
1162 4791 1211 4860 qui
1229 4790 1301 4845 dixit
1320 4835 1324 4846 .
1342 4832 1368 4844 ..
1390 4792 1510 4860 speciale
1530 4808 1580 4846 om.

304 4861 330 4914 B
353 4862 363 4927 11
386 4867 419 4914 22
439 4860 545 4915 fuciunt
564 4860 765 4915 adulescentuli
784 4877 834 4914 om.
856 4861 888 4914 K
890 4860 913 4914 0
932 4862 1135 4916 adulescentuli
1153 4880 1203 4916 om.
1223 4862 1248 4914 L
1268 4863 1342 4929 (add.
1362 4863 1381 4930 l)
1405 4863 1414 4930 11
1437 4865 1522 4930 atque
1542 4861 1565 4916 0
