3604 5552
369 443 431 507 108
943 443 1062 499 SERVIl

365 607 480 671 volunt
508 611 545 672 ut
575 608 722 691 superius
754 607 908 691 diximus,
939 607 1016 692 quia
1042 610 1117 691 post
1145 607 1366 691 pestilentiam
1397 609 1437 673 ad
1468 609 1652 692 placandos

364 713 476 780 fratris
498 735 609 778 manes
633 714 770 799 geminis
794 713 943 778 omnibus
968 736 1044 778 usus
1068 717 1119 780 est
1144 712 1316 778 Romulus:
1347 715 1432 780 unde
1456 721 1507 781 est
1529 717 1652 782 viden

364 825 406 886 ut
436 821 611 906 geminae
640 825 745 886 stent
775 820 922 885 vertice
953 819 1119 885 cristae?
1165 820 1221 885 sed
1248 820 1310 886 hoe
1338 843 1409 886 esse
1437 845 1504 887 non
1526 828 1652 906 potest,

364 929 441 1012 quia
458 929 589 993 iteratio
609 932 659 993 est
677 931 752 992 ante
770 927 931 992 dietornm
951 931 1008 991 aut
1026 926 1104 992 ordo
1122 931 1361 1011 praeposterus,
1380 930 1409 994 si
1427 933 1504 1013 post
1522 931 1650 996 dietum

328 1033 533 1100 oansarem
553 1034 728 1100 Romulum
747 1033 874 1117 repetit.
903 1037 1032 1098 constat
1045 1037 1213 1117 praeterea
1226 1032 1299 1099 Iani
1319 1036 1477 1118 templum
1497 1038 1650 1121 patuisse

363 1142 424 1207 sub
447 1143 600 1226 Romulo,
622 1143 698 1224 quio
720 1141 806 1206 bellis
827 1161 997 1223 rrumqnom
1019 1142 1146 1206 vaeavit.
1193 1141 1250 1206 ulii
1278 1142 1392 1208 volunt
1414 1165 1473 1227 per
1495 1143 1555 1210 hos
1578 1143 1649 1210 Ro-

363 1271 479 1324 manos
500 1249 657 1333 intellegi.
702 1271 778 1314 vera
801 1252 911 1314 tamen
934 1248 996 1314 hoe
1018 1248 1118 1314 hebet
1140 1248 1240 1327 rotie,
1264 1247 1435 1324 Quirinum
1458 1250 1648 1335 Augustum

363 1378 446 1438 esse,
468 1355 606 1422 Remum
630 1379 705 1422 vero
730 1379 788 1440 pro
812 1355 961 1440 Agrippa
988 1356 1145 1440 positum,
1172 1355 1227 1439 qui
1256 1355 1358 1421 filiam
1381 1355 1525 1442 Augusti
1551 1358 1648 1423 duxit

362 1484 510 1548 uxorem,
542 1466 576 1528 et
605 1486 678 1528 eum
709 1485 746 1528 eo
771 1463 892 1547 pariter
915 1462 1004 1527 bella
1032 1462 1200 1527 tractavit:
1230 1462 1314 1528 unde
1345 1468 1396 1528 est
1425 1469 1535 1547 parte
1565 1465 1648 1530 alia

311 1580 343 1628 10
363 1570 420 1634 dis
445 1573 482 1634 et
506 1573 635 1636 ventis
659 1570 834 1656 Agrippa
862 1570 1051 1636 secundis.
1097 1591 1172 1634 nem
1196 1569 1333 1634 adulans
1361 1572 1501 1655 populus
1525 1571 1647 1637 Roma·

361 1701 422 1742 nus
447 1677 625 1743 Octaviano
653 1679 717 1744 tria
740 1678 860 1743 obtulit
883 1677 1028 1761 nomina,
1052 1682 1160 1742 utrum
1188 1676 1289 1742 vellet
1312 1678 1480 1762 Quirinus,
1504 1701 1545 1744 an
1567 1678 1644 1745 an-

363 1807 428 1865 sar,
458 1806 501 1850 an
525 1785 693 1869 Augustus
723 1785 840 1850 vocari.
885 1784 941 1849 ille
968 1805 1009 1848 ne
1038 1761 1137 1848 unuln
1168 1782 1316 1868 eligendo
1345 1789 1473 1868 partem
1501 1785 1646 1852 laederet

363 1914 444 1977 quae
469 1892 555 1956 aliud
579 1892 694 1958 offerre
717 1891 880 1976 cupiebat,
908 1891 1033 1956 diverso
1062 1895 1208 1974 tempore
1233 1892 1384 1957 omnibus
1411 1914 1489 1958 usus
1519 1897 1581 1977 est,
1608 1899 1645 1958 et

363 1998 468 2081 primo
500 1999 653 2075 Quirinus
684 1999 789 2064 dietus
820 2003 882 2083 est,
913 1998 987 2064 inde
1015 1995 1148 2078 Caesar,
1177 2002 1293 2081 postea
1322 1998 1407 2083 quod
1438 2002 1471 2062 et
1501 1999 1645 2065 obtinuit

305 2104 541 2189 milegastus,
565 2107 649 2171 sieut
668 2103 841 2171 Suetonius
865 2105 984 2189 probat
1007 2108 1040 2170 et
1063 2105 1097 2168 in
1121 2105 1281 2190 georgicis
1306 2105 1449 2170 ostendit
1466 2105 1643 2191 Vergilius.

356 2227 436 2276 nans·
457 2234 529 2276 eum
558 2212 597 2277 de
621 2211 844 2296 Gangaridum
874 2212 1011 2277 vintoris
1038 2211 1172 2294 diceret,
1202 2212 1258 2296 qui
1286 2212 1377 2276 iuxta
1401 2209 1539 2296 Gangen
1567 2217 1645 2277 sunt

357 2319 475 2403 quique
499 2319 540 2384 ab
560 2318 710 2404 Augusto
734 2320 812 2384 vieti
836 2323 926 2404 sunt,
950 2320 997 2384 ait
1020 2319 1263 2403 victorisque
1288 2341 1392 2382 arma
1411 2318 1573 2395 Quirini.
1605 2323 1644 2384 ut

358 2429 466 2490 autem
489 2449 548 2510 pro
571 2425 722 2510 Agrippa
744 2425 882 2491 Remum
913 2429 1061 2508 poneret,
1088 2426 1217 2508 poetieo
1245 2447 1323 2490 usus
1352 2428 1403 2489 est
1431 2447 1536 2510 more3
1565 2449 1643 2491 nem

356 2554 475 2598 nomen
507 2555 545 2597 ex
578 2535 682 2600 vieino
716 2533 865 2617 sumpsit.
919 2532 981 2597 hoe
1019 2552 1096 2616 ergo
1132 2531 1224 2615 dicit,
1256 2553 1329 2596 eum
1363 2533 1506 2616 eoeperit
1537 2532 1642 2598 lulius

305 2649 340 2696 20
360 2637 480 2704 Caesar
500 2641 624 2706 eaelum
643 2645 754 2706 tenere
776 2641 916 2723 putretis
936 2639 1086 2705 omnibus
1110 2638 1220 2722 bellis,
1243 2639 1316 2704 iura
1334 2639 1458 2704 dabunt
1472 2638 1642 2726 Angustus

359 2750 393 2812 et
420 2745 578 2832 Agrippa.
623 2747 781 2813 Romulus
814 2750 924 2812 autem
952 2746 1029 2811 ideo
1059 2744 1211 2822 Quirinus
1244 2744 1349 2809 dietus
1378 2750 1442 2830 est,
1475 2748 1526 2811 vel
1558 2748 1642 2832 quod

359 2853 457 2918 hasta
479 2855 646 2932 utebatur,
666 2876 749 2938 quae
769 2851 964 2918 Sabinorum
985 2853 1097 2938 lingua
1116 2851 1201 2916 euris
1220 2851 1352 2916 dieitur:
1372 2852 1469 2918 hasta
1488 2853 1587 2937 enim,
1610 2853 1642 2918 id

361 2963 411 3024 est
435 2959 531 3044 euris,
553 2961 655 3026 telum
678 2961 814 3046 longum
838 2965 896 3043 est,
920 2960 1005 3025 unde
1028 2963 1061 3024 et
1083 2958 1204 3024 seeuris
1228 2957 1321 3042 quasi
1344 2959 1524 3025 semicuris:
1548 2961 1600 3024 vel
1623 2983 1643 3026 a

360 3068 520 3152 κοίρανος
539 3068 594 3152 qui
610 3067 730 3133 Graece
749 3089 805 3133 rer
824 3067 956 3132 dieitur:
980 3069 1109 3131 constat
1125 3069 1233 3130 autem
1248 3063 1388 3131 Graecos
1408 3067 1508 3132 luisse
1523 3067 1641 3133 Roma·

309 3184 342 3232 ao
364 3195 440 3238 nos:
459 3174 511 3252 vel
531 3179 664 3259 propter
678 3173 805 3260 generis
826 3173 1047 3258 nobilitatem3
1065 3170 1256 3248 Marsenim
1271 3193 1344 3235 eum
1365 3172 1469 3236 suevit
1483 3171 1641 3238 Gradivus

363 3280 489 3358 dieitur,
505 3303 577 3346 eum
593 3281 789 3367 tranquillus
806 3283 856 3344 est
870 3279 1034 3356 Quirinus.
1064 3277 1199 3361 denique
1213 3276 1248 3341 in
1263 3277 1343 3342 urbe
1358 3277 1421 3342 duo
1437 3279 1506 3344 eius
1520 3281 1642 3364 templa

361 3391 450 3452 sunt:
471 3409 571 3452 unum
587 3387 715 3464 Quirini
729 3388 817 3452 intra
831 3386 954 3468 urbem,
974 3384 1067 3469 qussi
1087 3384 1230 3449 custodis
1252 3387 1285 3449 et
1304 3385 1482 3468 tranquilli,
1496 3387 1584 3451 aliud
1608 3387 1642 3452 in

362 3495 469 3579 Appia
483 3495 536 3558 via
555 3499 646 3560 extra
666 3495 778 3560 urbem
797 3515 900 3578 prope
917 3494 1058 3576 portam,
1073 3491 1166 3576 quasi
1185 3492 1369 3574 bellatoris,
1384 3491 1482 3557 idest
1497 3491 1640 3559 Gradivi.

430 3671 544 3740 tparte
568 3669 626 3724 alia
663 3671 695 3724 A.
719 3668 785 3722 VIII
808 3671 859 3722 682
883 3669 893 3736 1
917 3673 949 3721 15
977 3667 1049 3722 sicut
1072 3665 1221 3721 Suetonius
1246 3667 1361 3738 probat]
1386 3667 1420 3724 el.
1444 3667 1504 3722 vita
1526 3669 1597 3739 Aug.
1618 3675 1641 3726 7.

360 3741 436 3799 Serv.
449 3741 485 3798 ad
499 3758 594 3823 georg.
609 3742 622 3796 Ι
637 3741 649 3794 1
663 3747 705 3794 27.
720 3741 779 3794 loh.
790 3739 859 3810 Lyd.
874 3740 908 3792 de
924 3755 1010 3794 mens.
1025 3738 1064 3812 Ill
1078 3743 1120 3793 72.
1136 3737 1297 3792 Reifferseh.
1312 3739 1416 3806 quaest.
1434 3738 1508 3793 Suet.
1525 3757 1551 3809 p.
1563 3746 1613 3795 472
1633 3743 1642 3803 11

360 3819 392 3868 17
412 3811 538 3882 victoris]
558 3829 654 3882 georg.
673 3810 765 3866 11127
788 3813 798 3879 1
821 3816 854 3864 21
878 3810 1015 3865 Romulus
1033 3811 1129 3865 autem
1229 3809 1302 3864 euris
1327 3810 1441 3880 dieitur]
1467 3827 1552 3866 exsor.
1577 3811 1641 3866 leid.

359 3901 398 3940 or.
417 3885 457 3939 IX
471 3891 497 3952 2,
512 3889 546 3938 84
559 3886 569 3953 11
582 3883 655 3938 unde
673 3885 703 3937 et
785 3881 939 3952 semicuris]
955 3898 1042 3936 exser.
1057 3880 1121 3935 Isid.
1142 3897 1180 3935 or.
1201 3880 1265 3935 XIX
1286 3886 1328 3948 19,
1349 3881 1452 3950 11125
1472 3881 1547 3936 Mars
1566 3883 1640 3936 enim

360 3973 383 4010 θ.
398 3973 424 4024 q.
439 3955 474 4026 s]
494 3972 579 4010 exscr.
598 3955 739 4024 mythogr.
760 3953 799 4008 lll
819 3959 860 4021 11,
882 3959 914 4008 10

360 4067 571 4076 ..—.—.--.-.-.—.

430 4121 446 4170 5
466 4115 614 4186 templum]
641 4115 745 4170 Daniel
763 4131 777 4168 e
796 4115 824 4168 P
840 4115 951 4169 dederat
975 4112 1112 4182 templum
1136 4113 1173 4168 sit
1196 4129 1252 4168 non
1275 4112 1330 4167 fuit
1353 4114 1482 4168 locustam
1501 4119 1566 4183 poet
1590 4113 1644 4168 fuit

358 4187 496 4242 imtieaas.
532 4185 680 4254 Seoppua
705 4187 848 4240 adnotavit
873 4187 1019 4240 ‘lemanum
1043 4185 1115 4238 tollit
1138 4184 1205 4251 (soil.
1225 4183 1385 4253 Fuldensrs)
1409 4184 1524 4240 sitnon
1547 4185 1602 4238 fuit
1619 4185 1642 4240 si

358 4260 454 4312 tamen
472 4257 550 4312 fuit’.
579 4257 756 4326 sumpsisse
774 4259 882 4311 videtur
900 4258 1012 4326 quidam
1031 4257 1069 4309 od
1083 4255 1173 4309 Seruii
1185 4257 1267 4310 amba
1282 4256 1331 4310 sed
1349 4255 1485 4322 nonfuit,
1504 4256 1529 4310 si
1547 4259 1642 4310 tomen

358 4328 413 4383 fuit
430 4327 530 4410 putuit
551 4328 585 4393 es.
605 4330 642 4383 ad
660 4345 683 4383 v.
704 4335 756 4382 294
779 4331 789 4398 1
812 4335 896 4397 fiper
915 4329 968 4382 hoe
988 4326 1047 4380 ΚΟ
1067 4328 1076 4396 1
1100 4332 1115 4380 7
1140 4328 1331 4382 uerumtamen
1352 4327 1417 4382 OM
1437 4329 1447 4398 11
1471 4332 1486 4380 8
1506 4327 1641 4419 positum]

358 4401 454 4470 posuit
475 4401 536 4452 tum
560 4399 593 4452 K
616 4399 754 4468 posuitL
777 4401 787 4468 1
809 4398 896 4454 liliam
917 4398 984 4452 GP:
1011 4414 1135 4452 sororem
1157 4397 1291 4452 BKLH
1296 4399 1333 4452 Μ
1353 4401 1363 4468 l
1386 4404 1402 4452 9
1426 4399 1470 4468 eo]
1494 4415 1561 4454 uero
1587 4399 1615 4450 B

357 4471 463 4526 bellum
491 4469 565 4524 0·P
582 4473 592 4540 11
622 4476 654 4524 11
681 4469 793 4526 oetauio
818 4469 887 4523 KH
906 4471 915 4538 11
935 4468 1051 4523 numina
1074 4469 1106 4521 K
1125 4471 1136 4551 l
1161 4475 1193 4523 14
1219 4469 1343 4538 optinuit
1368 4469 1442 4523 HM
1462 4472 1472 4539 1
1497 4476 1529 4524 15
1556 4469 1641 4540 siout]

358 4542 432 4611 quod
450 4543 477 4596 B
500 4541 510 4610 11
532 4541 602 4596 dicit
620 4540 749 4612 uirgilins
768 4558 832 4595 eum
851 4540 886 4595 de
905 4539 1090 4610 gangaridum
1110 4539 1230 4596 motoria
1248 4538 1355 4594 diceret
1373 4539 1544 4609 uictorisque
1563 4557 1642 4595 erma

357 4613 460 4682 quirini
483 4615 510 4667 B
534 4615 543 4682 l
565 4619 599 4667 21
624 4612 749 4681 quirinus
772 4612 836 4668 ideo
858 4611 930 4666 ΒΜ
951 4613 961 4680 11
984 4617 1017 4666 22
1041 4611 1144 4665 dieitur
1166 4611 1254 4680 quiris
1279 4611 1304 4664 L
1327 4613 1337 4680 11
1360 4617 1393 4666 23
1420 4611 1497 4680 quris
1522 4611 1547 4664 L
1571 4611 1642 4680 (qui-

357 4683 395 4738 ris
414 4685 433 4753 l)
452 4686 462 4753 11
480 4685 568 4739 telum
586 4685 702 4755 longum
721 4683 776 4810 θθὲί]
796 4684 884 4738 telum
903 4687 947 4737 est
965 4700 1028 4737 eum
1047 4683 1174 4752 longiore
1193 4682 1266 4738 lerro
1287 4682 1333 4737 0⁴³.
1361 4683 1457 4738 dubito
1475 4699 1542 4736 num
1560 4683 1644 4737 hasta

433 4755 548 4825 longum
567 4758 610 4810 est
628 4758 668 4811 vel
774 4772 835 4810 erro
855 4755 946 4809 Seruii
968 4755 1031 4808 sint.
1046 4755 1103 4822 1123
1127 4771 1183 4808 suo
1202 4770 1325 4808 urrauon
1343 4755 1370 4808 B
1399 4770 1489 4822 aquo
1509 4770 1593 4808 erano
1612 4753 1645 4806 K

359 4843 501 4882 anrrano
520 4827 591 4880 ΕΜ
608 4843 644 4881 an
662 4843 765 4882 surano
785 4826 819 4880 H
837 4828 847 4895 l
870 4825 968 4881 luisset
986 4827 1018 4879 K
1033 4829 1043 4894 11
1064 4831 1097 4879 26
1117 4824 1203 4896 Mars]
1225 4841 1324 4893 quears
1342 4826 1375 4879 K
1385 4827 1395 4894 11
1412 4825 1565 4896 grandinus
1584 4823 1619 4878 H
1634 4825 1643 4896 11

360 4903 392 4952 27
413 4897 448 4951 ed
467 4897 500 4950 Η
515 4898 563 4953 sed
585 4899 739 4952 Mose-tetus
761 4899 772 4966 11
795 4903 828 4950 28
848 4913 934 4966 prope
954 4899 1065 4967 portam
1084 4911 1134 4950 mn.
1154 4897 1228 4949 ΚΜ
