3604 5552
506 452 678 508 0001110
698 453 805 510 0000.
825 453 908 508 000.
929 453 948 508 1.
969 459 1118 508 asc-ara.
1388 453 1451 519 173

261 615 335 682 570.
373 633 451 681 srva
475 632 597 681 sancis
620 633 721 680 smus
740 615 830 700 Eryx
848 614 985 696 Veneris
1010 621 1043 682 et
1061 615 1179 700 Butae,
1201 618 1248 684 cet
1269 623 1306 682 ut
1325 619 1453 700 maldam

170 724 278 788 volunt
305 723 444 806 Neptuni
472 723 558 788 filius
591 725 665 806 fuit,
698 723 753 807 qui
779 729 962 806 praepetens
993 725 1111 790 viribus
1141 725 1276 791 aduenas
1306 725 1454 790 eaerum

164 831 352 912 moeooubat
374 832 522 913 victosque
545 831 722 914 perimebat.
766 831 815 895 lu'c
838 831 963 896 occisus
986 832 1027 896 ab
1051 831 1191 896 Hercule
1215 833 1318 898 monti
1342 855 1381 898 ex
1405 855 1453 898 se·

169 938 304 1020 pultuna
327 960 386 1004 sua
409 959 527 1004 nomen
549 937 710 1023 inposuit:
739 938 772 1001 in
801 959 864 1023 quo
888 938 1002 1002 matris
1025 937 1147 1002 fecerat
1168 939 1341 1024 templum,
1369 938 1454 1024 quod

169 1043 302 1110 Aeneae
330 1045 486 1109 adscribit
517 1047 615 1128 poeta
645 1043 754 1108 dicens
786 1047 866 1108 tum
899 1044 1029 1110 vicina
1061 1044 1181 1108 astris
1213 1044 1383 1129 Erycino
1416 1047 1489 1110 int

168 1153 317 1217 vertice
341 1152 450 1218 sedes
478 1152 669 1217 fundatur
692 1151 835 1216 Veneri
859 1150 1018 1216 Idaliae.
1063 1153 1098 1216 in
1125 1151 1188 1217 hoc
1212 1157 1321 1218 antem
1344 1158 1454 1218 monte

171 1259 291 1325 dicitur
314 1259 414 1324 etiam
434 1259 594 1324 Anchises
614 1258 775 1343 sepultus,
799 1259 877 1323 licet
896 1258 1071 1323 secundum
1090 1257 1247 1324 Catonem
1266 1259 1305 1323 ad
1323 1258 1454 1325 Italiam

170 1367 305 1431 venerit.
395 1391 500 1432 sarcre
516 1391 602 1433 rrrss
624 1367 660 1431 id
680 1372 724 1430 est
746 1365 898 1431 Siciliam.

264 1475 338 1538 571.
375 1459 1082 1539 0000100000001000000000100000ᾱὶ00
1103 1479 1196 1555 poeta
1217 1474 1336 1539 inducit
1357 1473 1456 1539 Dulo-

171 1600 243 1643 uem
256 1585 300 1643 -ct
330 1581 496 1644 medeutmu
523 1580 636 1661 ignotis
662 1585 691 1644 et
720 1584 784 1644 tam
809 1579 903 1661 facilc
931 1583 1018 1644 uum
1041 1581 1283 1661 promitteutcuu
1315 1581 1343 1644 si
1374 1582 1510 1644 cattuso

173 1685 247 1750 bcuc
269 1687 460 1764 advertatur,
482 1688 518 1750 de
540 1687 594 1751 illo
617 1687 679 1750 loco
697 1688 809 1768 pendet
833 1688 872 1751 tu
890 1687 1030 1769 primis
1051 1687 1182 1768 rupina
1208 1689 1370 1769 parietum
1397 1707 1455 1750 uc-

171 1793 266 1874 01017
296 1793 336 1856 tu
360 1792 517 1857 Teucros
540 1794 706 1856 autunum
728 1799 950 1875 mentemque
973 1793 1178 1876 bcuipuam.

262 1897 337 1963 572.
379 1925 482 1965 uraris
506 1926 544 1965 rr
564 1925 615 1964 urs
637 1901 717 1965 deest
739 1898 801 1965 ‘uel
823 1898 877 1966 si'.
981 1925 984 1932 ·

262 2006 336 2070 573.
373 2023 493 2070 vassu
524 2023 621 2083 oven
652 2023 789 2073 anlavo
818 2024 954 2072 000000
977 2025 1042 2072 000
1072 2007 1166 2072 multi
1195 2008 1375 2092 antiptosis
1405 2030 1458 2072 vo-

171 2111 259 2196 lunt,
282 2114 489 2178 accusativum
505 2133 567 2195 pro
585 2115 788 2193 0000001100,
805 2115 849 2178 'ut
868 2113 912 2178 sit
935 2135 994 2198 pro
1014 2113 1108 2179 ‘urbs
1127 2135 1222 2196 pamm
1238 2119 1341 2180 statuo
1358 2119 1458 2179 uestra
1478 2123 1510 2170 10

170 2218 244 2286 cst'.
286 2217 341 2284 sed
370 2219 397 2283 si
426 2220 473 2284 sic
500 2220 743 2304 intellegamus,
766 2219 897 2304 ‘quam'
926 2220 1137 2286 nihilominus
1166 2221 1313 2305 sequitur
1336 2226 1369 2286 00
1396 2221 1459 2306 syl·

170 2326 274 2410 lepsis
304 2327 342 2391 lit
369 2349 427 2410 per
462 2349 555 2392 casus
594 2328 824 2412 mutationem3
860 2327 973 2392 debuit
1003 2327 1087 2392 enirn
1117 2328 1222 2392 dicere
1253 2325 1346 2393 ‘urbs
1376 2349 1457 2412 quae

173 2433 333 2498 statuitur
361 2439 468 2500 vestra
498 2432 574 2498 est’.
620 2434 738 2500 melius
767 2455 844 2519 ergo
875 2439 926 2500 est
953 2433 1084 2500 ‘vultis'
1113 2434 1163 2500 bis
1191 2434 1394 2520 intellegere,
1422 2437 1459 2498 00

174 2542 219 2606 010
244 2541 358 2606 ‘vultis
382 2543 492 2626 regnis
516 2541 705 2606 considere?
728 2541 826 2605 vultis
846 2541 959 2606 urbem
979 2563 1075 2626 quam
1096 2542 1228 2607 statuo?
1251 2547 1361 2608 vestra
1383 2539 1458 2624 est',

173 2653 210 2713 ut
227 2652 277 2714 est
291 2651 400 2713 eruet
414 2647 484 2712 ille
499 2648 625 2733 Argos
640 2648 1044 2732 Agamemnoniasque
1058 2647 1237 2733 Mycenas
1256 2649 1457 2732 ipsumque
1477 2657 1511 2706 00

249 2865 262 2912 1
284 2859 358 2928 Eryx
377 2857 493 2936 Venepis
513 2899 518 2912 .
535 2900 541 2912 .
558 2901 563 2912 .
583 2857 731 3000 templnml]
751 2857 785 2913 cf.
805 2858 945 2928 mythogr.
965 2859 977 2912 I
998 2864 1044 2926 53,
1064 2865 1112 2927 94,
1133 2865 1191 2913 107.
1211 2860 1237 2913 Il
1257 2865 1307 2914 loa
1330 2860 1340 2926 ΙΙ
1363 2864 1378 2913 0
1397 2860 1458 2913 tum

176 2929 284 3001 vicina]
304 2931 337 2985 A.
356 2929 382 2984 V
402 2935 452 2984 709
475 2932 485 3000 ΙΙ
509 2935 540 2983 11
565 2929 710 2999 inprimis
743 2930 775 2984 A.
795 2929 807 2981 I
827 2935 879 2984 303
902 2931 911 2999 Ι]
936 2935 968 2983 14
991 2927 1074 2984 multi
1097 2929 1251 3000 antiptosin
1275 2947 1299 2984 e.
1318 2923 1397 3000 q.'s.]
1423 2930 1457 2984 cl.

87 3046 90 3052 ,
178 3001 250 3056 Don.
275 3001 311 3054 ad
331 3001 393 3056 Ter.
417 3017 479 3056 eun.
498 3001 536 3054 IV
555 3007 585 3069 3,
611 3006 642 3054 11
668 3004 697 3056 et
718 2999 831 3056 Phorm.
851 3001 875 3054 V
894 3006 924 3070 8,
943 3006 976 3054 03
996 3018 1036 3068 sq.
1058 3000 1141 3065 ‘Quid
1160 3001 1202 3054 vis
1221 2999 1292 3054 tibi?
1311 3004 1458 3070 argentum

175 3073 253 3141 quod
275 3072 392 3144 habaet]
422 3071 523 3125 “vis'’
549 3071 650 3126 iterum
674 3071 897 3126 subaudiendum
920 3075 976 3140 est,
1004 3070 1095 3126 nteit
1119 3070 1190 3125 “vis
1213 3073 1360 3140 argentum
1384 3071 1458 3140 qnod

174 3143 312 3197 habes?'’
418 3144 457 3198 sic
484 3144 527 3197 est
550 3142 622 3196 illud
647 3143 722 3213 apud
749 3143 899 3213 Virgilium
927 3141 1041 3196 “vultis
1067 3141 1162 3197 ethis
1186 3158 1295 3196 mecum
1318 3159 1346 3212 p.
1370 3159 1392 3198 c.
1417 3149 1458 3198 a?

175 3214 274 3268 urbem
294 3231 378 3283 quam
397 3215 504 3284 statuo,
524 3215 617 3288 000000
635 3214 711 3269 000.”
735 3215 746 3284 ΙΙ
768 3219 803 3268 20
822 3213 912 3284 eruet]
932 3214 965 3268 A.
984 3213 1023 3266 Vl
1042 3218 1094 3267 838

179 3343 373 3351 ——fflss—
381 3345 391 3350 .-

252 3417 265 3464 1
287 3413 323 3465 ad
341 3428 365 3465 0.
380 3409 522 3495 ,0700100
534 3409 639 3492 ‘Erycis
657 3409 738 3481 fines]
758 3409 831 3492 ltrpx
849 3408 929 3478 (eris)
949 3407 1065 3464 Veneris
1078 3407 1162 3490 ‘filius
1181 3409 1210 3462 00
1228 3407 1329 3476 Butae,
1349 3410 1382 3491 00
1399 3409 1459 3478 qui-

177 3483 244 3537 dam
263 3483 389 3552 Neptum
406 3485 542 3563 turtpqui
560 3484 729 3551 praepotens
749 3481 854 3563 mribus
874 3480 996 3536 aduenas
1016 3480 1138 3562 cestibus
1160 3480 1334 3549 prouocabat
1355 3483 1458 3536 uictos-

172 3565 232 3622 'qne
258 3553 422 3623 perimebat.
461 3554 506 3607 hro
533 3553 568 3606 nb
587 3552 707 3634 Hercule
732 3569 840 3635 occisus
865 3553 920 3633 000,
946 3552 1035 3606 monn
1060 3569 1094 3604 ex
1119 3550 1264 3621 sepultura
1289 3569 1340 3634 000
1357 3568 1460 3634 nomen

178 3625 311 3708 inposuit.
349 3625 565 3724 introeuntem
588 3624 690 3677 drcrtnr
710 3622 954 3705 00000Αο010οο0
974 3622 1106 3706 sepultus.
1144 3639 1211 3705 ergo
1233 3621 1331 3692 Erycis
1356 3625 1458 3705 (errare)

178 3693 1459 3846 000000001010000001000000

179 3839 217 3893 ris
241 3839 267 3890 'L
295 3839 378 3892 matri
406 3839 479 3890 HM
500 3839 510 3906 ΙΙ
534 3843 549 3891 5
577 3836 682 3892 ericino
710 3837 810 3890 BLM
832 3837 841 3905 ΙΙ
864 3844 880 3890 6
908 3836 1013 3890 Idaliae
1041 3853 1090 3890 om.
1115 3836 1252 3890 BLHM
1277 3837 1374 3892 italiae
1404 3835 1427 3891 0
1451 3837 1461 3908 ll

180 3917 194 3964 7
216 3910 324 3964 uenerit
342 3909 377 3963 ad
396 3908 505 3963 italiam
525 3910 590 3962 ante
607 3925 710 3963 nomen
729 3908 829 3962 babuit
846 3906 937 3962 sicilia
955 3923 973 3960 0
991 3923 1056 3976 rege
1075 3907 1145 3962 italo
1165 3907 1260 3977 quiin
1279 3925 1313 3964 ea
1330 3908 1462 3979 regnauit

95 4023 98 4028 .
179 3979 208 4032 Β
231 3982 241 4048 ss
264 3985 280 4033 8
299 3979 416 4036 uenerit.
454 3997 519 4049 ergo
543 3980 633 4048 erycis
657 3979 726 4033 fines
751 3979 803 4048 011
828 3985 859 4032 13
884 3979 921 4033 ad
943 3996 967 4034 0.
987 3985 1038 4033 ota
1063 3979 1156 4034 Vultis
1179 3982 1209 4034 00
1232 3979 1289 4051 his]
1313 3980 1393 4034 deest
1414 3978 1460 4034 nel

179 4051 250 4119 (nul)
273 4051 304 4104 si.
330 4052 358 4104 P
378 4053 389 4120 ss
414 4058 445 4105 14
471 4053 508 4106 ad
530 4068 554 4106 0.
579 4057 631 4105 073
655 4051 759 4106 Urbem
785 4067 869 4119 quam
892 4051 985 4105 statuo
1009 4053 1103 4105 uestra
1125 4051 1177 4122 est]
1202 4051 1285 4105 multi
1307 4051 1461 4120 antiptosin

179 4123 280 4176 uolunt
298 4123 489 4177 accusatiuum
509 4125 539 4195 ,7.
558 4122 716 4192 pronomini
740 4120 943 4190 (accusatinum
967 4122 1136 4190 singularem
1158 4121 1284 4177 iunctum
1302 4120 1462 4192 pronomini

181 4193 308 4262 Daniel),
328 4196 361 4248 ut
379 4193 416 4247 sit
434 4195 500 4248 urbs
518 4210 602 4262 quam
622 4195 724 4249 statuo.
757 4209 829 4261 quae
850 4193 873 4246 si
893 4192 932 4247 sic
951 4191 1147 4262 intellegamus
1166 4211 1238 4262 qnae
1252 4193 1324 4248 nihil
1338 4193 1462 4262 sequitur

182 4267 210 4318 00
228 4264 308 4318 silem
334 4265 365 4318 fit
387 4282 438 4334 per
461 4281 540 4319 casus
564 4265 696 4330 motatio,
720 4264 817 4318 debuit
839 4263 913 4317 enim
937 4263 1029 4319 dicere
1055 4264 1135 4320 ‘urbs
1158 4281 1230 4334 qnae
1253 4267 1346 4320 statuo
1369 4267 1463 4318 uestra

184 4336 250 4390 est'.
288 4335 388 4390 melius
408 4352 474 4406 ergo
493 4337 537 4390 est
557 4334 674 4389 ‘uultis'
696 4335 738 4389 bis
756 4335 934 4404 intellegere,
952 4337 985 4388 nt
1003 4336 1040 4389 sit
1061 4336 1162 4390 ‘uultis
1185 4337 1278 4406 regnis
1297 4335 1461 4391 considere?

183 4406 268 4460 uultis
288 4407 385 4461 urbem
404 4424 488 4475 qnam
508 4408 620 4461 statuo?
645 4409 740 4461 uestra
758 4407 826 4460 est’.
848 4407 876 4458 P
894 4409 904 4474 ΙΙ
927 4413 961 4461 16
984 4407 1045 4477 sed]
1065 4409 1139 4476 qnod
1161 4409 1183 4462 O
1204 4411 1234 4463 et
1253 4407 1286 4463 G*
1308 4410 1318 4477 ll
1339 4406 1462 4461 nihilho-

182 4477 273 4532 minus
291 4478 317 4530 L
339 4481 349 4547 l
372 4478 496 4546 seqnitur
514 4495 591 4544 supr.
610 4495 677 4531 vers.
700 4479 732 4530 ia
751 4479 800 4542 M,
822 4479 939 4544 sortasse
962 4497 979 4532 a
998 4482 1197 4546 primumcum
1218 4482 1228 4549 ΙΙ
1251 4480 1280 4532 00
1302 4477 1412 4548 syllesis
1434 4477 1461 4531 B

183 4553 211 4602 et
229 4549 420 4618 sylempsisb'
450 4547 608 4616 abailensis
626 4549 652 4602 L
685 4549 714 4602 00
736 4548 893 4618 syllempsis
916 4549 950 4602 Η
980 4557 1009 4602 et
1032 4549 1169 4618 silempsis
1194 4551 1229 4604 M
1261 4550 1291 4604 et
1312 4548 1461 4619 antiptosis

181 4620 260 4688 culpo
282 4621 292 4688 ΙΙ
317 4626 349 4673 17
373 4619 493 4674 mutatio
518 4620 541 4674 0
563 4622 574 4689 l
598 4625 630 4674 18
654 4621 686 4673 00
704 4619 752 4689 sit]
773 4619 943 4690 amperiori
961 4637 1044 4674 uersu
1062 4638 1160 4675 neuma
1178 4622 1326 4676 conectens
1345 4637 1462 4688 sequen·

182 4692 238 4745 tem
257 4691 312 4746 hoo
330 4691 414 4746 modo
433 4692 497 4747 add.
518 4693 527 4746 7
545 4693 577 4746 iu
595 4707 679 4760 marp.
694 4693 703 4760 l
718 4696 751 4744 20
771 4693 860 4744 00000
879 4691 968 4762 eruet]
989 4693 1021 4745 ut
1039 4694 1118 4746 eruet
1137 4690 1208 4746 000
1225 4694 1269 4747 000
1286 4692 1461 4763 0001ρο00-

183 4778 235 4828 qne
254 4760 398 4817 Aeaciden
417 4805 423 4817 .
440 4807 467 4819 ..
487 4763 559 4818 alter
577 4761 700 4817 micenas
719 4779 770 4818 om.
789 4762 827 4830 L,
847 4763 910 4818 odd.
931 4763 941 4816 t
959 4765 990 4817 tu
1008 4780 1092 4832 marp.
1115 4763 1289 4833 {lipsumpue
1307 4762 1461 4833 Aeaciden]

182 4831 301 4902 ipsumq:
326 4835 496 4917 aeaccedens
523 4833 547 4888 0
575 4834 720 4904 ipsumque
750 4833 857 4888 acidem
884 4833 1017 4889 subaudis
1042 4835 1091 4890 ille
1118 4852 1168 4905 per
1197 4835 1462 4890 demonstrationem

183 4905 244 4959 add.
267 4903 305 4960 0³
322 4923 355 4959 m
372 4923 457 4976 marp.
477 4907 528 4973 ius.
