3638 5546
330 461 394 528 356
905 463 1027 522 snavn

235 607 246 622 ⁹
328 630 362 693 in
386 627 525 692 Thracia
548 625 698 692 condidit.
834 647 946 695 sueva
969 647 1110 694 Anrnnn
1132 651 1199 694 non
1222 629 1298 714 quia
1320 630 1426 714 prima
1449 629 1602 714 servavit,

328 735 383 800 sed
406 735 483 820 quia
506 751 634 800 servare
658 734 771 818 voluit,
794 738 831 798 ut
854 734 1016 800 Homerus
1039 736 1126 801 dicit.

416 843 467 907 87.
504 866 619 907 rnnrrrs
642 866 763 906 Acutior
783 847 892 907 celeres
913 840 1058 907 ‘Achilli’
1081 843 1282 908 declinabant.

416 949 468 1014 88.
505 965 603 1025 Qvnu
632 947 832 1025 snovruvn?
869 949 945 1033 quis
973 947 1113 1014 Cadmus
1142 951 1273 1014 oraculo
1297 949 1460 1033 Apollinis
1488 951 1604 1014 bovem

291 1071 307 1118 5
327 1061 469 1139 secutus,
491 1056 526 1118 in
549 1053 702 1138 Hyanteo
726 1052 899 1120 Boeotiam
923 1055 1074 1120 condidit.
1120 1061 1229 1121 neuros
1251 1057 1334 1120 enim
1356 1057 1492 1122 oraculis
1513 1058 1605 1139 arona

283 1162 289 1173 '
325 1163 435 1246 quibus
456 1163 609 1227 aunum
631 1163 793 1226 conderent
814 1163 1010 1244 conplebant.

280 1261 338 1376 ,J
414 1269 467 1335 89.
502 1287 551 1332 DA
582 1285 698 1332 PATER
730 1265 855 1351 ‘pater’
887 1267 1070 1353 religionis,
1100 1272 1258 1352 utsupra
1282 1269 1319 1352 <1
1344 1270 1431 1352 699>
1456 1270 1606 1353 diximus,

325 1397 442 1441 nomen
465 1380 524 1439 est.
568 1397 644 1439 narn
668 1378 701 1438 et
723 1373 909 1438 hominibus
934 1373 1042 1458 datur,
1066 1378 1103 1439 ut
1126 1374 1181 1457 (ΙΙ
1205 1375 1247 1457 2>
1271 1375 1359 1441 inde
1383 1380 1469 1441 toro
1492 1381 1604 1460 pater

326 1484 489 1565 Aeneas,
513 1483 547 1545 et
569 1479 745 1562 montibus,
769 1484 805 1543 ut
819 1477 904 1560 <XII
920 1480 1004 1563 703>
1017 1485 1130 1564 pater
1148 1481 1417 1566 Appenninus,
1441 1485 1474 1547 et
1495 1481 1603 1547 fluviis

273 1605 306 1653 10
325 1593 361 1654 ut
385 1587 590 1672 <V111540>
615 1585 764 1670 Thybri
787 1589 913 1668 pater,
936 1587 1122 1651 numinibus
1147 1588 1256 1672 etiam,
1278 1593 1315 1652 ut
1338 1589 1390 1671 <V
1409 1589 1470 1672 14>
1494 1587 1602 1672 quid·

323 1717 367 1759 vo
398 1698 510 1778 pater
538 1693 719 1776 Neptune
749 1713 877 1775 paras,
909 1693 986 1756 item
1010 1691 1174 1777 <11617>
1203 1694 1287 1777 ipse
1314 1699 1425 1778 pater
1455 1694 1600 1759 Danais

324 1801 473 1866 animos
502 1800 683 1883 viresque
713 1799 901 1864 secundas
931 1799 1102 1883 sufficit,
1133 1799 1434 1884 ium<V11327>
1459 1801 1602 1866 aditet

323 1906 408 1990 ipse
430 1911 541 1991 pater
563 1905 716 1970 Pluton.
807 1921 992 1970 Avovluvn
1015 1905 1111 1970 modo
1131 1906 1306 1990 oraculum,
1330 1906 1386 1972 sed
1405 1907 1601 1991 usurpative.

323 2015 491 2095 capuccium
513 2005 597 2078 onim
619 2015 663 2076 cst
684 2010 837 2092 accubita
854 2011 979 2077 morum
997 2010 1139 2076 voluntas
1150 2032 1210 2093 per
1227 2013 1478 2078 consultationem
1496 2013 1601 2078 acirim

274 2135 306 2184 15
325 2125 381 2184 nect
402 2120 574 2202 sipnornm,
597 2117 678 2200 quod
700 2121 771 2181 tunc
788 2117 855 2198 peti
876 2117 970 2200 dcbcl,
993 2137 1063 2182 urm
1085 2117 1120 2182 id
1139 2119 1221 2199 quod
1241 2119 1346 2182 cnloco
1370 2121 1524 2202 apitamns
1541 2140 1601 2201 per

322 2225 490 2310 numeriam
512 2248 534 2290 a
556 2227 617 2290 diis
638 2224 778 2288 columns
800 2223 1006 2304 impetratum,
1029 2229 1065 2288 ut
1086 2225 1122 2288 in
1139 2223 1194 2288 loc
1212 2224 1274 2289 loco
1287 2225 1416 2304 Aureae,
1434 2229 1600 2308 postquam

322 2334 428 2397 munia
449 2353 527 2414 quac
548 2331 681 2396 uoluebat
703 2329 810 2393 anieno
827 2329 928 2412 petiit,
951 2329 997 2392 cit
1020 2327 1076 2394 ‘da
1092 2335 1185 2412 pater
1202 2330 1395 2412 anpurinm'.
1427 2338 1456 2396 et
1472 2337 1517 2396 est
1532 2353 1600 2414 spc-

322 2440 381 2503 cas
403 2441 465 2504 ista
487 2439 613 2522 cuparii
634 2457 711 2518 quac
734 2435 833 2516 lupum
855 2434 946 2499 dictio
970 2435 1159 2518 appellatur:
1187 2437 1286 2520 laum
1309 2439 1399 2503 di'ctm
1422 2443 1524 2502 autern
1547 2445 1599 2516 cst,

321 2565 390 2609 cum
412 2545 546 2609 condicio
569 2545 667 2626 ipcim
688 2542 815 2624 enpurii
832 2545 914 2605 certa
931 2543 1158 2624 nuncupatione
1175 2543 1333 2608 verborum
1351 2545 1472 2623 (luitur,
1498 2545 1600 2626 [mccli

268 2667 303 2715 no
321 2652 494 2717 annuum
516 2651 684 2734 uupurmm
701 2651 886 2730 paenarum
907 2647 980 2727 sit:]
1004 2648 1086 2730 quod
1105 2647 1154 2712 lic
1174 2649 1254 2728 facit
1274 2653 1458 2732 assequendo
1478 2653 1599 2732 soruucs

320 2758 476 2840 petitionis
504 2756 638 2821 uersibus
665 2775 763 2836 supra
789 2754 895 2830 datm
933 2757 1005 2818 lunc
1032 2755 1114 2818 enim
1141 2756 1232 2836 quasi
1260 2757 1393 2837 lepitimc
1415 2758 1483 2821 iure
1505 2757 1598 2839 leucen

321 2864 469 2929 amalec
482 2862 535 2927 ‘da
546 2867 638 2944 paler
656 2857 838 2943 capucium'
854 2863 882 2923 et
898 2859 1025 2940 reliqna.
1115 2877 1236 2926 sursus
1257 2878 1432 2926 rannessa
1451 2879 1596 2929 nosrnrs

322 2970 399 3054 quia
418 2969 579 3053 Apollinis
599 2988 755 3050 responsa
773 2986 901 3047 semper
918 2965 1057 3030 obscura
1075 2970 1160 3050 sunt,
1178 2989 1257 3032 vera
1275 2971 1397 3032 tamen:
1421 2968 1505 3033 unde
1524 2991 1597 3042 cum

321 3075 547 3159 intellegentia
570 3074 736 3139 oraculum
759 3072 912 3156 postulat.

267 3197 302 3245 ab
410 3183 461 3246 90.
499 3207 634 3247 rasuras
651 3205 741 3246 onum
763 3180 798 3243 iu
820 3179 1067 3260 consequentibus
1088 3181 1164 3262 quid
1184 3181 1227 3246 sc
1249 3180 1386 3246 ‘omnm’
1422 3183 1524 3246 (malit
1549 3184 1596 3247 di-

320 3291 410 3354 ccndo
452 3287 637 3369 ‘liminaque
669 3286 834 3366 murusque
861 3281 934 3348 dci'.
979 3289 1008 3348 ct
1033 3284 1088 3349 loc
1109 3287 1277 3368 capicium
1299 3288 1390 3351 lunta
1408 3289 1593 3370 armaralem

320 3396 516 3478 disciplinam
539 3395 653 3460 dictum
676 3397 731 3469 est,
762 3393 844 3472 quod
865 3390 1039 3472 appellatur
1061 3392 1233 3473 tripudium
1255 3393 1422 3472 sonivium,
1454 3395 1489 3459 id
1509 3401 1553 3460 est
1575 3417 1596 3459 a

392 3630 407 3677 A
427 3622 551 3678 ostendit
570 3622 608 3676 Μ
629 3623 652 3686 ll
674 3619 744 3673 dicit
765 3619 955 3687 cupersanen)
978 3619 987 3687 Ι]
1011 3625 1027 3672 4
1046 3637 1119 3679 ovsu
1143 3619 1288 3691 srovrnvu]
1307 3620 1411 3690 Apollo
1435 3623 1530 3677 sedem
1549 3641 1595 3677 ex-

318 3694 460 3749 ulantibus
479 3694 588 3748 solebat
605 3690 762 3746 ostsndere:
781 3707 846 3744 nam
865 3689 1004 3757 Phoenix,
1024 3688 1109 3758 Cilix,
1129 3690 1257 3760 Cadmus,
1276 3708 1294 3745 a
1312 3697 1391 3760 patre
1411 3694 1539 3762 Agenore
1558 3695 1594 3748 sd

318 3766 505 3834 quaerendam
528 3780 650 3822 sororem
675 3759 765 3825 missi,
794 3763 823 3814 et
845 3759 994 3829 prohibiti,
1022 3760 1076 3814 nisi
1100 3766 1210 3831 reperta
1227 3762 1339 3830 fuisset,
1362 3764 1475 3818 domum
1494 3781 1529 3817 ue
1548 3767 1594 3832 (ue

318 3853 368 3890 om.
387 3837 426 3902 D)
452 3835 587 3889 auderent
604 3830 722 3898 reverti,
746 3829 886 3899 Apollinis
904 3829 1006 3884 moniti
1023 3831 1135 3885 oraculo
1155 3833 1278 3886 diversas
1297 3834 1424 3903 regiones
1443 3835 1593 3904 petierunt,

317 3907 442 3962 Phoenix
456 3905 644 3972 Phoenicium,
658 3901 730 3956 Cilix
745 3900 881 3969 Ciliciam,
896 3900 1016 3956 Cadmus
1030 3901 1175 3956 Boeotiam
1191 3904 1325 3973 (bostiam
1339 3905 1378 3969 D)
1405 3905 1458 3970 Qui
1473 3905 1593 3961 Cadmus

317 3979 430 4032 oraculo
449 3978 549 4031 bovam
568 3977 679 4036 secutus
698 3976 750 4038 est,
769 3974 798 4026 et
815 3972 864 4025 ubi
884 3973 934 4026 bos
953 3972 1109 4040 procubuit,
1128 3973 1167 4027 ibi
1186 3975 1283 4028 urbem
1297 3975 1424 4030 condidit
1438 3976 1548 4031 Thebas
1562 3983 1592 4031 ot

317 4048 462 4103 Boeotiam
480 4047 614 4115 (boetiam
633 4045 672 4113 D)
690 4042 846 4098 nominavit
867 4046 969 4096 terram
993 4044 1056 4097 aad.
1076 4044 1105 4096 D
1124 4050 1147 4097 cl
1167 4045 1302 4110 Guelferb.
1315 4047 1336 4098 I
1348 4048 1358 4116 l
1371 4047 1450 4117 quis]
1469 4047 1518 4114 qui
1537 4047 1566 4100 D
1584 4048 1587 4118 j

317 4119 436 4173 caditius
456 4118 486 4170 F
516 4120 623 4171 catmus
646 4114 711 4168 LH
734 4115 744 4182 ΙΙ
771 4113 934 4182 bflyanteo
958 4115 1070 4181 sampsi:
1095 4114 1209 4170 iantheo
1229 4115 1259 4169 F
1282 4119 1386 4185 ysnthe
1406 4118 1432 4170 L
1458 4121 1544 4185 yaute

316 4191 434 4258 thysnte
460 4189 530 4244 ME
555 4189 565 4256 l
592 4186 715 4241 boetiam
734 4184 764 4237 F
789 4183 930 4238 boeotiam
950 4183 975 4235 L
1003 4183 1144 4239 boaetiam
1164 4187 1235 4240 ME
1259 4188 1270 4256 ll
1297 4188 1486 4257 9apenniuns
1505 4188 1570 4241 LH
1585 4216 1591 4254 r,

314 4259 474 4314 fluminibus
494 4258 548 4327 Fll
573 4265 604 4312 13
624 4274 779 4310 svovumvn
802 4255 886 4309 modo
904 4254 1047 4308 oraculum
1067 4299 1072 4310 .
1093 4297 1099 4310 .
1121 4299 1126 4309 .
1146 4257 1183 4311 da
1206 4261 1287 4327 pater
1315 4259 1463 4326 augurium
1482 4263 1511 4313 et
1529 4259 1592 4312 reli-

315 4347 371 4400 qua
388 4333 449 4384 hcl.
471 4331 496 4383 Τ
508 4332 517 4398 ΙΙ
533 4336 565 4383 14
585 4326 729 4396 augurium
751 4326 793 4380 est
811 4325 950 4393 exquisita
968 4366 973 4377 .
995 4365 1001 4378 .
1022 4369 1027 4382 .
1047 4326 1083 4380 da
1102 4331 1183 4396 pater
1201 4328 1348 4398 augurium
1366 4331 1427 4383 aab.
1444 4331 1566 4383 Ambroa.
1582 4329 1591 4400 {l

316 4402 361 4455 dei
380 4403 503 4456 Arutroa.
518 4404 528 4469 ΙΙ
546 4397 779 4454 consultationem
801 4395 835 4449 T:
859 4396 1078 4451 consolationem
1099 4397 1129 4450 F
1145 4405 1170 4452 ct
1187 4399 1312 4453 Antros.
1336 4403 1397 4466 (alr.
1418 4401 1590 4455 consultoe'm

315 4475 347 4526 in
372 4489 458 4542 mara.
479 4472 573 4525 Ambr.
598 4471 787 4537 adscriptum).
825 4468 859 4532 cf.
886 4469 923 4520 aa
941 4467 1009 4522 Aen.
1029 4469 1056 4521 ll
1080 4475 1130 4522 ‘102
1159 4472 1168 4536 u
1199 4478 1229 4524 16
1253 4487 1270 4524 a
1294 4470 1347 4524 diis
1371 4489 1421 4540 per
1443 4472 1590 4541 augurium

315 4545 439 4598 Antbros.
453 4545 463 4612 ΙΙ
476 4545 505 4596 in
524 4559 575 4598 om.
597 4541 689 4610 Tur?
710 4538 783 4608 petit
801 4537 832 4590 F
842 4539 852 4605 ΙΙ
867 4541 899 4590 18
918 4537 968 4591 illa
987 4540 1135 4610 Ambrosii
1151 4547 1182 4594 19
1203 4541 1328 4596 condicio
1351 4541 1385 4594 T:
1404 4543 1545 4597 condictio
1562 4543 1593 4596 F

315 4614 439 4669 conditio
458 4614 583 4668 Aurelios.
602 4611 683 4666 initio
704 4611 889 4685 Mommscnns
908 4607 942 4662 ll.
958 4608 1102 4666 Sinala]
1121 4629 1152 4680 p.
1168 4618 1184 4664 4
1203 4614 1267 4666 adu.
1289 4615 1336 4682 1.ss
1355 4614 1503 4668 verborum
1520 4632 1590 4668 nuu-

315 4685 465 4755 cupstione
486 4685 608 4739 Ambrae.
623 4686 632 4753 ΙΙ
647 4681 724 4751 quali
744 4724 749 4736 .
766 4722 771 4734 .
788 4723 793 4734 .
814 4682 858 4733 est
875 4679 924 4734 dcl.
940 4679 976 4733 F.
992 4681 1141 4736 Soboellim
1153 4683 1163 4750 ΙΙ
1177 4683 1254 4751 quali
1273 4726 1279 4738 .
1296 4725 1324 4738 ..
1345 4684 1519 4752 exsequendo
1538 4701 1588 4740 om.

314 4759 439 4812 Ambrae.
453 4757 463 4826 l
476 4755 553 4824 quali
571 4754 740 4810 Mauricius:
761 4751 843 4819 quale
864 4749 924 4802 FT
935 4751 944 4818 ΙΙ
959 4757 992 4805 20
1012 4753 1171 4808 conditione
1191 4753 1221 4806 F
1231 4755 1241 4822 ΙΙ
1255 4757 1448 4823 exesequando
1465 4755 1490 4808 T
1515 4771 1590 4810 exse·

314 4845 401 4896 quens
420 4827 524 4881 Daniel
542 4829 551 4895 ΙΙ
569 4825 660 4880 forma
678 4824 801 4878 Amaras.
820 4824 830 4891 l
848 4827 882 4876 23
902 4821 1040 4890 Apollinis
1059 4825 1171 4878 oracula
1191 4825 1236 4879 vel
1254 4842 1388 4896 responsa
1408 4827 1563 4881 Mauricius
1587 4829 1590 4851 '

314 4905 348 4954 2ss
359 4900 411 4952 hoc
425 4897 572 4966 augurium
584 4938 590 4949 .
602 4939 607 4949 .
619 4938 625 4949 .
636 4895 794 4963 perciperet
806 4893 867 4946 nol.
883 4893 1006 4973 Ambrae.
1021 4896 1030 4963 Ι]
1044 4901 1077 4949 27
1093 4895 1240 4950 sonubium
1251 4896 1281 4950 F
1297 4903 1322 4952 ct
1335 4898 1469 4965 Antros,
1484 4900 1590 4954 cmrcxi
