3604 5552
329 467 372 531 98
910 469 1030 524 sanun

328 652 369 694 ne
392 629 489 694 breve
507 634 594 694 esset
612 631 640 696 si
659 631 836 696 triennium
855 633 989 716 diceret,
1012 637 1162 716 tempora
1180 631 1291 696 divisit
1309 631 1344 696 in
1363 633 1495 716 species.
1530 635 1609 700 ordo

328 741 438 800 autem
470 741 520 800 est
551 737 776 821 longissimus,
812 760 888 802 nam
925 739 1021 804 aliter
1057 759 1123 804 non
1158 739 1317 822 procedit,
1354 738 1610 826 ‘sublimemque

327 841 412 906 feres
450 843 490 906 ad
527 843 632 908 sidera
668 844 752 909 caeli
788 845 1033 929 magnanimum
1065 847 1224 922 Aeneam,
1262 846 1360 910 tertia
1398 847 1475 912 dum
1513 848 1609 915 Latio

327 953 518 1034 regnantem
549 951 665 1014 viderit
701 949 835 1018 aestas'.
887 973 957 1035 erpo
987 954 1108 1017 mitetur
1136 953 1181 1017 sic
1211 953 1301 1018 tacite
1329 959 1457 1018 ntortem
1486 954 1609 1022 Aeaeae

291 1056 522 1138 osipaifioosse.
560 1055 665 1122 ‘dum'
684 1065 786 1124 colem
803 1079 864 1142 pro
882 1061 986 1138 donee,
1008 1065 1044 1124 ut
1061 1061 1145 1125 dum
1167 1061 1336 1126 conderet
1356 1061 1493 1144 orbem,
1515 1063 1550 1126 id
1565 1069 1610 1130 est

325 1163 426 1228 dorice.
461 1164 589 1246 quidem
611 1165 678 1230 ideo
701 1165 747 1231 bis
764 1187 864 1232 ammos
886 1173 987 1233 termes
1009 1187 1191 1234 memorasse
1208 1170 1348 1246 trudam,
1371 1173 1407 1232 et
1427 1173 1487 1234 tres
1508 1189 1608 1236 annos

325 1269 425 1334 solum
451 1271 591 1334 Acraeam
621 1277 823 1355 regnatorem
854 1275 1053 1357 specificaret,
1084 1276 1166 1357 qaod
1195 1295 1265 1340 mm
1292 1275 1408 1340 Latino
1439 1275 1520 1340 elios
1549 1281 1608 1340 tres

326 1397 426 1441 acme
448 1397 590 1460 reparasse
612 1381 733 1445 debitum

416 1483 490 1550 267.
526 1503 571 1548 ΔΤ
596 1503 689 1550 evan
712 1504 879 1554 necamus
906 1488 1082 1572 prudenter
1110 1489 1234 1554 exitum
1256 1489 1387 1553 Aeneae
1410 1492 1444 1552 et
1465 1487 1607 1553 ostendit

266 1605 309 1653 -10
327 1594 361 1653 et
387 1591 491 1656 tacuit
519 1591 651 1658 dicendo
678 1593 784 1659 filium
811 1599 925 1679 postea
952 1599 1175 1679 regnaturum.
1219 1601 1276 1660 cat
1301 1597 1377 1677 qaia
1403 1595 1505 1659 maior
1531 1615 1606 1659 caro

334 1697 506 1763 Veneri'de
532 1705 636 1780 nepote
657 1706 693 1765 ut
718 1704 753 1765 im
776 1701 818 1766 X.
842 1703 953 1767 liceat
977 1722 1166 1784 superesse
1192 1707 1356 1784 nepotem
1382 1701 1543 1764 etiterum
1564 1701 1607 1766 mi

326 1802 422 1868 liene
453 1810 578 1887 tepere.
678 1823 737 1872 ovr
769 1825 863 1874 nvnc
896 1825 1090 1874 coenoman
1120 1825 1203 1873 rvno
1236 1826 1394 1873 annmvs
1431 1808 1605 1872 secundum

328 1907 485 1976 Catonem
507 1911 666 1978 historiae
689 1914 751 1978 hoc
773 1915 874 1980 habet
896 1915 989 1981 fides:
1016 1916 1161 1980 Aeneam
1190 1936 1263 1979 cum
1290 1919 1383 1998 petre
1411 1913 1452 1978 ad
1475 1913 1604 1978 Italiam

327 2016 454 2082 venisse
468 2025 501 2084 et
510 2025 645 2104 propter
658 2021 788 2086 invasos
803 2042 900 2106 agros
915 2027 1030 2087 contra
1042 2021 1196 2088 Latinum
1210 2021 1419 2105 Turnumque
1433 2041 1604 2104 pugnasse,

276 2137 307 2186 15
327 2123 362 2187 in
385 2145 448 2207 quo
471 2127 595 2209 proelio
619 2127 718 2212 periit
740 2127 886 2194 Latinus.
932 2128 1079 2194 Turnum
1106 2134 1220 2212 postea
1247 2128 1288 2193 ad
1311 2127 1508 2192 Mezentium
1532 2148 1604 2192 con·

326 2228 450 2312 fugisse
473 2233 606 2318 eiusque
628 2233 749 2299 fretum
773 2235 894 2301 auxilio
918 2235 1005 2302 bella
1026 2257 1215 2318 renovasse,
1238 2234 1355 2319 quibus
1377 2235 1503 2298 Aeneas
1527 2231 1605 2297 Tur-

325 2357 451 2420 nusque
472 2339 597 2420 pariter
620 2341 708 2426 rapti
731 2347 814 2406 sunt.
851 2342 1008 2427 migrasse
1030 2345 1146 2426 postea
1169 2341 1203 2406 in
1222 2341 1401 2406 Ascanium
1425 2344 1459 2404 et
1481 2339 1605 2404 Mezen·

325 2443 409 2507 tium
437 2443 538 2529 bella,
565 2445 621 2509 sed
650 2467 704 2510 eos
732 2447 891 2532 singulari
919 2449 1096 2514 certamine
1123 2447 1303 2512 dimicasse.
1350 2452 1384 2511 et
1411 2447 1517 2512 occiso
1540 2445 1607 2510 Me·

325 2550 430 2616 zentio
458 2551 637 2617 Ascanium
663 2555 743 2618 siem
768 2553 798 2618 Ι.
826 2554 941 2620 Caesar
967 2553 1205 2620 scribit'lnlum
1234 2557 1385 2637 coeptum
1412 2552 1534 2636 vocari,
1560 2552 1606 2617 vel

271 2673 306 2720 eo
324 2657 415 2738 quasi
437 2654 589 2742 ἰοβόλον,
611 2661 646 2724 id
667 2664 711 2726 est
727 2663 898 2744 summme·
913 2663 1065 2747 pmimm,
1082 2661 1128 2726 vel
1146 2685 1166 2725 a
1183 2661 1290 2745 prima
1307 2659 1432 2724 barbae
1450 2659 1605 2742 lanugine

324 2784 419 2844 quem
442 2769 559 2830 ἴουλον
583 2767 697 2832 Graeci
718 2769 837 2852 demat,
866 2790 947 2853 quae
980 2768 1010 2832 ei
1039 2773 1186 2852 tempore
1217 2767 1373 2833 victoriae
1402 2767 1605 2832 nascebatur.

325 2869 491 2936 sciendum
515 2877 565 2938 est
589 2879 699 2938 autem
728 2874 813 2939 hunc
839 2875 945 2958 primo
968 2875 1148 2940 Ascanium
1171 2875 1294 2940 dictum
1322 2897 1342 2938 a
1363 2873 1526 2957 Phrygiae
1549 2871 1605 2935 flu·
1681 2873 1685 2878 ’

324 2978 412 3042 mine
443 2981 600 3065 Ascanio,
631 2987 667 3045 ut
697 2987 747 3046 est
781 2987 968 3066 transque
1003 2987 1204 3047 sonantem
1234 2981 1458 3062 Ascanium3
1491 2977 1604 3043 deinde

323 3083 408 3149 Ilum
431 3085 554 3150 dictum
585 3109 604 3151 a
630 3109 707 3173 rege
735 3087 799 3173 llo,
827 3087 910 3152 unde
934 3093 968 3153 et
989 3087 1100 3172 llium,
1127 3093 1244 3172 postea
1266 3088 1375 3152 Iulum
1403 3086 1509 3152 occiso
1537 3082 1603 3148 Me-

268 3191 442 3256 samntio:
471 3191 509 3255 de
539 3194 656 3276 quibus
685 3195 870 3259 nominibus
894 3193 955 3259 hoc
983 3195 1055 3262 loco
1079 3196 1158 3260 dicit
1187 3195 1237 3261 ‘at
1264 3217 1344 3280 puer
1368 3192 1529 3258 Ascanius
1553 3191 1603 3255 cui

322 3319 409 3363 nunc
431 3319 610 3383 cognomen
632 3299 702 3364 Iulo
726 3299 870 3386 additur,
892 3298 960 3365 llus
984 3301 1079 3367 erat'.
1112 3303 1152 3368 ab
1176 3302 1238 3367 hac
1261 3305 1371 3368 autem
1394 3299 1533 3364 historia
1556 3298 1604 3362 ita

323 3405 461 3469 discedit
484 3405 664 3492 Vergilius,
688 3411 725 3472 ut
748 3407 913 3490 aliquibus
932 3407 1013 3472 loeis
1037 3409 1202 3494 ostendat,
1224 3431 1290 3473 non
1313 3430 1347 3472 se
1369 3430 1429 3491 per
1452 3407 1603 3490 ignoran-

322 3512 417 3594 tiam,
440 3511 496 3575 sed
518 3533 575 3596 per
599 3520 704 3578 artem
727 3515 889 3598 poetieam
912 3512 975 3577 hoc
993 3513 1121 3600 fecisse,
1144 3518 1181 3578 ut
1202 3515 1260 3579 illo
1285 3515 1357 3579 loco
1381 3535 1453 3600 quo
1478 3513 1601 3596 magis

321 3616 443 3682 Italia
466 3641 610 3684 mecum
633 3620 781 3684 laetere
803 3625 976 3704 reperta:
1000 3641 1073 3685 ecee
1091 3615 1320 3705 ἀμφιβολικῶς
1343 3621 1436 3705 dixit,
1460 3619 1602 3685 ostendit

270 3745 304 3794 30
322 3727 432 3790 tamen
461 3727 628 3792 Anchisen
658 3728 698 3793 ad
728 3727 860 3791 Italiam
889 3726 1083 3811 pervenisse.
1134 3727 1181 3792 sic
1211 3733 1320 3816 autem
1351 3727 1461 3792 omnia
1489 3729 1603 3792 contra

322 3851 534 3860 --———.-.

393 3919 507 3990 ddum]
528 3923 560 3974 A.
580 3921 627 3974 lo
649 3923 660 3989 ΙΙ
684 3927 715 3975 11
737 3921 834 3990 liceat]
854 3925 887 3975 A.
908 3921 933 3972 X
951 3925 984 3974 m
1007 3922 1017 3990 ΙΙ
1041 3925 1073 3973 12
1094 3919 1245 3974 secundum
1264 3920 1411 3990 Catonem]
1432 3919 1501 3988 orig.
1521 3918 1601 3975 rell

325 3995 357 4042 10
377 3989 449 4044 lord.
469 3993 481 4044 l
501 3999 516 4046 9
535 3993 595 4047 Pet.
618 3995 628 4062 ΙΙ
651 3999 685 4046 23
704 3993 849 4062 transque]
869 4009 964 4062 georg.
984 3991 1023 4045 lll
1042 3996 1094 4045 269
1117 3993 1126 4060 l
1150 3997 1183 4046 28
1202 4007 1257 4059 quo
1276 3991 1379 4062 magis]
1399 3995 1433 4047 A.
1452 3991 1491 4046 VI
1510 3997 1561 4045 718

323 4101 371 4108 --n

394 4176 531 4224 vaeneae
557 4171 585 4224 P
602 4173 649 4240 119
675 4173 712 4226 od
737 4175 831 4224 11261
859 4169 911 4223 Cui
936 4187 1009 4224 nnnc
1035 4185 1190 4239 cognomen
1215 4169 1275 4224 Iulo
1301 4169 1425 4240 additm]
1452 4171 1600 4239 postquam

322 4243 416 4294 autem
435 4240 571 4310 singulari
589 4242 742 4297 certamine
760 4242 896 4296 Ascanius
913 4239 1081 4295 Mezentium
1101 4240 1217 4308 occidit,
1236 4241 1310 4296 dont
1326 4241 1357 4295 L.
1375 4239 1477 4295 Caesar
1495 4239 1601 4308 scribit,

322 4311 414 4366 lulum
433 4317 563 4383 coeptum
582 4314 677 4369 uocari
695 4314 792 4368 dicunt
813 4313 860 4367 nel
883 4312 964 4380 quasi
989 4312 1104 4367 iuuolon
1127 4312 1156 4366 id
1180 4317 1223 4367 est
1241 4313 1395 4382 sagittandi
1413 4311 1535 4382 peritum
1554 4312 1602 4366 uel

321 4435 339 4472 a
357 4419 449 4488 prima
466 4421 570 4476 barbae
587 4420 720 4491 lanugine
738 4437 823 4489 quem
843 4421 938 4472 ιὀολον
958 4403 1060 4490 (¹⁰ros)
1079 4418 1180 4474 Graeci
1197 4421 1312 4489 uocant,
1339 4436 1411 4489 quae
1430 4419 1456 4473 ei
1474 4421 1601 4488 tempore

321 4490 457 4546 uictoriae
475 4494 649 4547 nascebatur.
687 4508 842 4562 cognomen
860 4497 955 4545 autem
973 4491 1034 4546 Iulo
1054 4533 1105 4546 ...
1125 4491 1243 4561 diceret,
1267 4491 1314 4546 sed
1333 4491 1423 4560 magis
1443 4533 1448 4544 .
1465 4531 1471 4544 .
1487 4531 1494 4544 .
1513 4489 1600 4544 ducit.

322 4561 349 4614 P
367 4564 377 4631 [Ι
401 4569 433 4616 12
453 4583 571 4618 inorrva
588 4564 658 4619 licet
674 4564 800 4634 superius
819 4562 939 4618 historia
957 4562 995 4618 sit
1017 4565 1130 4616 narrata
1152 4573 1248 4618 tamen
1271 4563 1357 4618 etiam
1376 4562 1530 4616 secundum
1548 4561 1600 4616 Oa·

321 4645 416 4689 tonem
437 4635 485 4705 Ol]
505 4643 538 4690 13
555 4642 682 4693 tatonem
701 4637 732 4690 K
743 4639 753 4706 l
771 4653 835 4690 cum
854 4635 946 4704 patre]
965 4636 1075 4705 patrem
1093 4635 1144 4704 Bp
1164 4641 1197 4688 14
1216 4634 1376 4704 peruenisse
1397 4635 1434 4687 Μ
1445 4635 1455 4702 ΙΙ
1474 4639 1507 4686 1ο
1526 4631 1602 4701 perit

320 4709 350 4761 K
354 4711 446 4779 LMll
460 4717 494 4764 20
514 4707 626 4780 ἰοβόλον
645 4711 681 4764 F.
700 4711 862 4764 deella'me:
881 4707 996 4761 inuolon
1011 4707 1039 4759 P
1055 4706 1146 4762 luloni
1166 4707 1256 4777 01121
1276 4708 1372 4760 ἴνολον
1392 4705 1416 4760 C
1426 4709 1436 4775 ss
1450 4713 1484 4759 ‘22
1503 4709 1599 4759 autem

314 4792 358 4843 est
375 4787 446 4840 ΒΜ
467 4787 477 4854 ΙΙ
500 4791 533 4838 ‘23
553 4789 597 4838 eet
614 4801 664 4839 omi.
685 4783 749 4838 LH
770 4783 870 4852 (suppl.
891 4783 910 4850 l)
934 4783 1012 4833 ntem
1030 4778 1062 4832 K
1082 4783 1230 4850 utramque
1249 4781 1316 4848 (pro
1340 4782 1371 4832 ut
1394 4785 1438 4832 est
1455 4779 1600 4845 transque)

310 4860 337 4910 Β
350 4865 360 4928 ΙΙ
374 4865 408 4912 24
427 4859 511 4930 llum]
531 4857 613 4911 illum
627 4856 659 4910 K
674 4857 756 4910 ilium
771 4857 807 4910 Μ
824 4859 834 4928 Η
852 4854 955 4926 lulum]
975 4853 1034 4910 iulo
1053 4856 1080 4908 B
1101 4855 1218 4908 aiulium
1236 4853 1268 4907 K
1285 4852 1385 4907 iulium
1404 4853 1430 4908 L
1450 4855 1530 4922 (corr.
1551 4855 1571 4922 l)
1590 4851 1600 4920 ll

306 4937 339 4984 λλ
360 4949 389 4986 sc
408 4947 465 4984 non
484 4930 511 4984 L
533 4931 545 5000 1
567 4937 601 4986 29
619 4929 826 5000 amphiboliam
845 4933 913 4987 libri
