3604 5552
302 447 366 510 152
879 441 1000 498 snuvu

388 609 463 673 479.
501 625 653 672 inruunt
674 607 753 670 dum
782 606 862 694 haec
890 610 1057 692 geruntur.
1104 609 1136 671 et
1164 605 1244 671 satis
1269 611 1449 696 opportune
1473 631 1494 671 a
1517 629 1581 671 ma·

300 715 405 780 tribus
425 715 598 780 festinatur
613 713 840 798 eulampium,
858 717 896 778 ut
915 713 996 778 alibi
1015 735 1084 777 nec
1108 735 1182 778 non
1206 712 1250 777 ad
1268 701 1461 798 ⁸templum
1485 735 1580 778 sum-

300 843 455 905 masque
480 820 524 884 ad
547 819 723 906 Palladis
748 842 864 884 arces.
955 845 1081 886 rursusi
1103 845 1142 884 un
1167 845 1306 886 runruru
1326 841 1395 885 onan
1417 820 1582 886 Diomedes

299 928 418 993 cnsilio
432 927 594 992 Minervae
610 927 766 1010 plurimos
786 927 996 992 Troianorum
1012 927 1155 1010 fudisset,
1173 927 1325 1001 Helenus,
1344 927 1471 992 Priami
1487 929 1580 1010 pilitus,

265 1039 381 1101 sones
408 1037 542 1114 monuit,
573 1039 609 1099 nt
634 1034 797 1099 Mineruae
823 1054 938 1100 numen
967 1040 1159 1111 exoraretur,
1190 1040 1219 1098 ct
1249 1055 1318 1098 uene
1343 1033 1484 1116 precihus
1511 1035 1582 1101 deae

293 1147 443 1225 ponerent
471 1146 580 1207 uestem
609 1162 703 1223 qnam
730 1142 839 1224 sepino
864 1124 1119 1223 penosusimunn
1146 1141 1285 1220 lsobebm,
1317 1142 1352 1206 id
1378 1145 1422 1206 est
1446 1141 1581 1225 peplum,

299 1251 379 1315 sende
404 1253 478 1332 post
502 1247 665 1312 Minervae
686 1247 778 1330 pullo
798 1248 926 1332 peplnrn
953 1249 1108 1331 appellus
1135 1254 1186 1314 est.
1236 1249 1294 1313 dea
1322 1251 1438 1326 ίανιεν,
1467 1269 1581 1313 numer

300 1357 409 1422 indicii
432 1355 573 1437 Parisiis,
598 1341 746 1420 Troianis
768 1355 882 1435 infesto
897 1356 1082 1437 pnnnnsit
1118 1356 1246 1420 etenira
1273 1356 1308 1421 in
1330 1357 1458 1438 pietrero
1480 1355 1580 1433 †tem·

295 1463 403 1546 poculi
425 1462 566 1528 udoubio
588 1462 729 1542 quomn's
750 1481 814 1526 non
830 1462 938 1543 possit
1039 1479 1112 1528 nou
1134 1479 1278 1539 usquin
1306 1462 1339 1527 id
1368 1465 1418 1528 cst
1444 1462 1582 1546 iniquae,

250 1587 283 1636 ιο
303 1571 439 1652 infestae.
485 1570 598 1634 litotes
622 1568 815 1651 figuraest,
842 1571 879 1632 ut
902 1566 982 1631 alibi
1010 1571 1048 1632 ct
1075 1569 1208 1634 vacuis
1233 1567 1392 1634 Clanius
1420 1591 1497 1633 non
1524 1590 1582 1632 aa·

302 1700 398 1772 quus
423 1676 575 1742 acerris.

390 1784 465 1848 480.
502 1799 616 1847 Pussls
650 1783 858 1866 participium
890 1785 940 1848 est
970 1783 1010 1848 ab
1045 1806 1082 1849 eo
1114 1783 1200 1869 quod
1232 1789 1282 1849 eat
1310 1782 1466 1866 ‘pandor'.
1511 1783 1582 1847 ideo

303 1894 412 1957 autem
435 1911 501 1955 non
522 1889 603 1954 facit
626 1887 780 1973 ‘pansus'‚
804 1890 881 1973 quia
903 1891 1093 1974 plerumque
1118 1888 1172 1974 ἤι’,
1196 1891 1279 1975 quod
1305 1891 1339 1955 iu
1361 1890 1468 1975 prima
1491 1889 1583 1954 verbi

301 1998 463 2084 positione
496 1996 671 2073 invenitur,
703 1995 737 2059 in
766 1997 943 2079 praeterito
971 1996 1145 2080 participio
1178 2018 1244 2061 non
1277 1999 1334 2061 est
1385 1995 1424 2059 de
1457 2017 1522 2078 qua
1548 2017 1584 2060 re

252 2121 283 2170 15
303 2104 466 2188 euphonia
488 2102 624 2186 iudicat,
656 2104 692 2166 ut
715 2101 757 2166 ab
781 2123 819 2166 eo
847 2101 933 2186 quod
961 2105 1012 2168 est
1035 2101 1177 2168 ‘tundor’
1202 2108 1234 2166 et
1257 2101 1397 2168 ‘tunsus'
1426 2101 1519 2184 facit,
1548 2104 1585 2166 ut

301 2217 439 2277 tunsae
462 2214 624 2295 pectora
643 2207 797 2293 palmis,
817 2218 848 2275 et
868 2209 993 2294 ‘tusus'‚
1017 2215 1054 2275 ut
1075 2233 1150 2275 non
1175 2210 1314 2275 obtusa
1338 2208 1432 2273 adeo
1456 2211 1585 2294 geata-

302 2340 382 2382 mus
414 2320 575 2401 pectora
603 2315 731 2381 Poeni.
777 2316 942 2381 sciendum
970 2320 1081 2382 tamen
1110 2321 1172 2401 est,
1202 2315 1279 2381 licet
1309 2316 1376 2380 alia
1403 2315 1584 2398 euphoniae

302 2447 398 2490 causa
420 2423 585 2489 varientur
608 2423 659 2486 vel
683 2422 717 2485 in
740 2423 914 2508 generibus
938 2423 991 2488 vel
1014 2424 1049 2488 in
1072 2424 1228 2505 numeris,
1257 2405 1395 2488 ‘nactus'
1419 2426 1528 2487 temen
1552 2427 1585 2487 et

302 2530 439 2616 ‘passus’
464 2529 509 2594 ‘n'
538 2530 666 2614 penitus
696 2551 874 2615 numquam
903 2531 1056 2614 accipere.
1142 2533 1370 2608 'Pur‘nvmqvn
1402 2547 1584 2594 rennuens

250 2653 285 2701 20
305 2639 436 2723 peplum
467 2637 598 2722 proprie
631 2640 681 2701 est
713 2637 803 2720 palla
834 2638 923 2721 picta
955 2635 1096 2702 feminea
1118 2637 1284 2702 Minervae
1317 2640 1517 2720 consecrata,
1551 2642 1587 2702 ut

301 2745 439 2811 Plautus
471 2765 674 2828 numquam
707 2742 753 2808 ad
785 2743 988 2808 civitatem
1021 2744 1151 2828 venio,
1187 2745 1265 2808 uisi
1298 2767 1378 2809 cum
1415 2743 1586 2808 infertur

302 2852 466 2937 peplum.
511 2849 608 2916 hodie
632 2854 742 2915 tamen
766 2849 861 2914 multi
885 2849 1064 2915 abutuntur
1086 2850 1148 2915 hoc
1169 2851 1310 2916 nomine.

375 3069 390 3117 2
410 3079 462 3118 nec
482 3061 548 3132 non]
568 3062 601 3116 A.
620 3061 659 3115 XI
673 3065 724 3116 477
739 3063 749 3130 ΙΙ
765 3067 796 3116 1ο
816 3064 844 3116 et
862 3061 969 3132 vacuis]
989 3077 1084 3132 georg.
1106 3062 1131 3116 Il
1150 3025 1402 3133 saeuissimae]
1422 3063 1454 3116 A.
1474 3063 1556 3115 1481
1576 3061 1586 3131 ll

304 3152 361 3190 uon
380 3133 492 3205 obtusa]
513 3133 544 3186 A.
565 3133 645 3187 1567

378 3337 391 3384 1
411 3331 449 3385 ud
466 3347 490 3388 o.
510 3335 561 3384 479
587 3330 707 3398 Interea]
732 3346 795 3384 cum
820 3328 994 3385 Diomedes.
1014 3371 1021 3384 .
1043 3371 1049 3384 .
1069 3327 1196 3384 Troianis
1218 3329 1321 3384 infesta
1344 3329 1507 3400 permansit.
1544 3329 1586 3384 in·
1696 3343 1698 3350 ’

304 3405 382 3458 terea
400 3403 494 3456 autem
513 3401 579 3455 dum
598 3400 667 3455 haec
686 3403 821 3470 geruntur
839 3399 960 3469 (ienmt).
989 3400 1052 3455 Non
1066 3400 1183 3471 aequae]
1203 3399 1316 3468 iniquae
1337 3443 1342 3455 .
1361 3443 1366 3454 .
1382 3445 1388 3456 .
1407 3416 1464 3456 non
1481 3417 1586 3470 aequus

305 3473 415 3529 acerris.
437 3473 491 3542 ΡΙΙ
514 3472 652 3542 oportune
670 3473 736 3526 libri
757 3473 767 3540 ΙΙ
790 3477 805 3525 3
825 3490 938 3525 suranus
956 3491 991 3526 uu
1011 3491 1134 3526 rnuruvu
1152 3488 1216 3525 cum
1235 3471 1384 3528 Diomedes
1405 3514 1410 3527 .
1431 3515 1437 3526 .
1458 3513 1464 3526 .
1483 3473 1588 3528 infesta

304 3543 466 3614 permansit.
503 3544 611 3597 interea
630 3541 696 3596 dum
719 3543 789 3596 haec
811 3545 945 3612 geruntur
968 3546 997 3598 et
1019 3543 1087 3597 satis
1111 3545 1247 3612 oportune
1268 3587 1273 3598 .
1294 3584 1299 3596 .
1321 3585 1327 3596 .
1347 3560 1432 3598 arces.
1470 3546 1499 3598 et
1517 3543 1586 3598 mire

304 3615 334 3670 iu
361 3617 474 3684 pectore
501 3613 651 3684 temporali
679 3613 812 3668 aduerbio
840 3612 969 3681 quamuis
997 3631 1053 3668 non
1077 3613 1174 3683 possit.
1212 3633 1263 3668 uos
1282 3633 1388 3675 utrovis
1408 3631 1427 3669 c.
1447 3632 1471 3684 q.
1491 3632 1511 3670 a.
1537 3613 1586 3668 0³

306 3695 321 3742 6
336 3685 468 3756 paeblum
484 3685 557 3754 0117
572 3684 697 3754 plebium
714 3684 737 3739 0
761 3685 790 3738 id
806 3686 849 3738 est
862 3691 925 3739 unte
939 3685 1064 3754 plebium
1082 3702 1159 3753 supr.
1173 3701 1240 3740 vers.
1256 3687 1319 3740 odd.
1337 3684 1376 3756 0²,
1383 3688 1393 3752 ΙΙ
1407 3690 1423 3738 8
1438 3685 1523 3740 iudici
1540 3685 1568 3738 P
1577 3656 1586 3757 gl

304 3757 414 3826 pictura
435 3757 604 3811 Mescinius:
633 3757 746 3824 pectore
766 3756 789 3809 θ
809 3758 819 3824 ll
841 3761 857 3810 8
876 3758 1003 3826 tempora
1026 3755 1106 3810 addit
1128 3755 1261 3810 adverbio
1285 3773 1356 3825 quae
1376 3755 1428 3811 visi
1447 3775 1502 3812 non
1522 3773 1585 3838 por·

305 3832 371 3882 suut
393 3827 429 3884 F.
449 3827 611 3894 Sclwellins,
638 3825 789 3896 temporali
816 3827 948 3881 adverbio
982 3845 1047 3882 urus
1075 3831 1130 3896 est,
1160 3827 1289 3895 quamvis
1313 3845 1368 3882 uon
1391 3827 1481 3897 possit
1508 3827 1586 3898 pingi

304 3915 358 3968 epo.
387 3901 422 3965 ef,
447 3898 521 3953 Serv.
551 3897 588 3952 ud
614 3914 638 3952 o.
662 3904 715 3953 484
739 3901 905 3966 (vassenis).
943 3903 1058 3954 ceterum
1083 3916 1149 3952 usus
1178 3900 1220 3953 est
1243 3898 1390 3968 Scioppius
1413 3915 1426 3953 e
1449 3898 1586 3953 Idaeosne

304 3971 431 4024 enotavit.
446 3969 456 4038 l
469 3969 497 4024 id
517 3971 560 4024 est
577 3969 691 4038 om.L11
706 3969 779 4094 iim
795 3969 908 4038 iniquae
929 3968 952 4023 O
969 3971 1034 4038 (non
1053 3975 1084 4024 nt
1101 3970 1210 4024 videtur
1227 3973 1344 4040 nusum)
1358 3971 1368 4038 ΙΙ
1383 3975 1415 4024 12
1435 3971 1473 4024 ad
1490 3987 1514 4023 o.
1534 3974 1586 4024 480

305 4039 409 4110 Passis]
429 4039 608 4109 participium
628 4042 671 4094 est
688 4056 706 4093 a
744 4056 777 4094 εο
796 4040 871 4108 quod
889 4043 932 4094 est
949 4041 1057 4110 pendor
1077 4083 1082 4094 .
1099 4081 1105 4094 .
1122 4084 1128 4096 .
1146 4057 1204 4095 ιιοιι
1221 4041 1322 4095 obtusa
1341 4041 1411 4096 adeo
1434 4043 1585 4110 gestamus.

305 4112 447 4166 sciendum
470 4113 566 4165 mmsu
589 4113 644 4176 est,
667 4111 735 4165 licet
757 4110 814 4164 alia
837 4111 993 4180 euphoniae
1017 4128 1101 4167 causa
1124 4112 1267 4166 canentur
1286 4113 1464 4180 (uariantur),
1488 4115 1586 4166 nactus

304 4185 400 4236 tamen
420 4224 426 4237 .
443 4224 449 4236 .
467 4225 472 4236 .
492 4183 546 4236 hoc
564 4182 684 4235 nomine.
706 4181 734 4234 P
745 4184 755 4250 ΙΙ
770 4187 802 4236 13
822 4182 914 4250 prima
932 4199 1030 4237 manus
1049 4181 1150 4252 priami
1170 4182 1315 4252 conspexit
1333 4183 1453 4237 inermes
1471 4181 1589 4236 verbiO

304 4256 413 4322 (manus
438 4296 443 4307 .
464 4295 470 4307 .
490 4293 497 4304 .
521 4253 641 4306 inermes
664 4258 801 4320 ceptenctc
823 4256 898 4320 secret)
925 4256 934 4322 ΙΙ
963 4261 996 4308 14
1014 4253 1167 4324 praeterito
1187 4253 1258 4308 GH:
1289 4253 1434 4323 practcriti
1453 4253 1522 4307 LM
1529 4255 1556 4306 P
1577 4259 1586 4322 t

307 4330 338 4378 17
354 4323 411 4379 alia
424 4340 474 4378 orn.
486 4323 530 4392 Ol
545 4329 578 4376 19
593 4342 767 4384 ιιιιιιινιιονιι
782 4329 806 4378 et
820 4329 854 4377 20
865 4324 997 4394 paeblum
1012 4325 1056 4394 011
1070 4331 1104 4379 22
1118 4323 1238 4379 nomine.
1263 4326 1309 4379 uel
1323 4324 1440 4379 historia
1453 4324 1487 4379 du
1502 4325 1585 4395 peplo

304 4412 339 4450 ex
356 4395 478 4450 Homero
498 4397 583 4464 capta
600 4393 666 4448 huic
685 4394 748 4450 loco
766 4395 857 4464 magis
876 4396 1012 4465 congruit.
1050 4413 1114 4451 nam
1137 4395 1299 4465 fugantibus
1318 4395 1432 4450 Achiuis
1451 4395 1586 4450 Troianos

305 4483 405 4537 campo
428 4483 516 4535 usquc
539 4465 576 4519 ad
598 4465 710 4521 moenia
727 4466 850 4521 Helenus
874 4469 953 4521 uates
972 4467 1076 4521 Priami
1099 4466 1173 4522 filius
1197 4466 1286 4522 mittit
1304 4467 1453 4522 Hectorem
1476 4467 1513 4521 ad
1532 4467 1585 4520 Ηε-

305 4538 419 4603 cubam,
441 4540 473 4591 ut
492 4537 687 4607 propitiandae
706 4537 831 4592 Palladis
850 4539 943 4607 gratia
961 4537 1045 4593 ducat
1063 4541 1173 4594 coetum
1194 4541 1384 4592 matronarum
1402 4537 1586 4592 'lroianarum

305 4610 341 4663 ad
359 4608 485 4664 Palladis
508 4609 645 4679 templum
664 4610 693 4662 et
711 4608 812 4663 offerat
834 4608 1051 4677 pulcherrimum
1076 4612 1105 4664 et
1127 4609 1259 4664 eximium
1285 4610 1341 4664 suis
1360 4626 1375 4663 e
1394 4608 1520 4663 uestibus
1538 4626 1585 4677 pe·

305 4681 391 4748 plum.
429 4679 505 4748 quod
524 4679 630 4734 lactum
648 4683 691 4734 est
709 4680 930 4749 supplicantibus
950 4681 1084 4736 matronis
1103 4684 1132 4736 et
1151 4680 1283 4734 offerente
1302 4681 1417 4749 peplum
1435 4679 1586 4734 Antenoris

306 4767 403 4819 uxore,
428 4751 542 4804 'l'heano
565 4750 690 4816 nominc,
715 4751 870 4805 uenerabili
894 4751 967 4806 inter
986 4753 1121 4807 Troianos
1143 4751 1257 4808 femina.
1295 4753 1344 4820 (Il.
1364 4751 1399 4804 Vl
1422 4757 1473 4805 ³02
1482 4753 1548 4819 sqq.)
1567 4743 1585 4818 ἣ

305 4817 334 4874 δ’
354 4817 411 4890 ἄρα
430 4819 536 4876 πέπλον
557 4816 660 4876 tautae
680 4819 780 4876 Θεανώ
800 4821 989 4893 καλλιπάρῃος
1007 4825 1101 4892 θῆκεν
1118 4819 1265 4891 Ἀθηναίης
1280 4818 1327 4876 lut
1343 4817 1479 4892 γούνασιν
1498 4816 1585 4892 ἠυκό-

306 4911 383 4964 μοιο,
402 4887 541 4963 εὐχομένη
561 4887 589 4946 δ’
610 4887 698 4962 ἠρᾶτο
719 4888 788 4956 Διὸς
806 4891 895 4964 κούρῃ
915 4890 1055 4964 μεγάλοιο.
1075 4895 1104 4949 D
