3590 5558
330 459 374 522 42
909 457 1031 515 snsvu

239 647 242 654 ’
332 624 376 688 oel
388 627 569 706 perpetrrmo
586 623 728 707 occepere,
745 627 781 688 ut
797 624 833 688 si
844 626 1043 710 propriam
1060 622 1125 688 boc
1140 623 1267 704 fcerit.
1293 622 1453 689 Terentius
1471 624 1614 690 nihilne

330 749 405 794 essa
439 730 610 810 cuiqnam
638 717 837 811 proprioris
870 735 898 795 el
927 732 1022 814 qnod
1050 731 1258 811 voluptates
1287 750 1410 794 cortem
1433 732 1614 813 propriae

330 841 416 901 sort
438 841 465 899 et
487 835 533 899 da
549 836 759 917 propriam,
786 835 1021 919 Thymbraee,
1043 835 1197 900 domam.

422 941 471 1005 74.
506 967 600 1007 onnes
621 967 715 1008 Annos
742 942 826 1026 bene,
849 943 925 1024 qnia
946 944 1004 1008 deo
1026 947 1085 1018 est;
1109 961 1172 1006 roa
1195 942 1277 1006 erim
1299 962 1394 1024 usqae
1416 941 1460 1008 cd
1479 949 1610 1008 melecta-

296 1053 398 1113 stem.
488 1065 628 1114 nssms
652 1049 833 1142 praestitis,
863 1053 899 1114 ut
926 1049 1005 1115 alibi
1028 1070 1094 1113 nec
1125 1050 1163 1112 te
1191 1048 1326 1132 regina
1350 1048 1500 1133 negabo
1525 1072 1613 1133 pro-

331 1155 524 1238 meritam,
542 1154 574 1218 id
593 1157 644 1219 est
662 1154 874 1238 praestitisse.
913 1158 946 1220 et
965 1154 1104 1220 alterum
1125 1155 1245 1240 pendet
1264 1177 1302 1218 ex
1320 1155 1437 1238 altero;
1461 1157 1613 1222 meritum

331 1261 418 1326 enim
441 1283 507 1326 non
528 1260 594 1324 nisi
617 1283 655 1325 ex
679 1262 877 1344 praestantis
902 1261 1068 1327 descendit
1091 1261 1256 1326 beneficio.

420 1367 471 1432 75.
502 1392 636 1432 rumare
657 1370 762 1448 raons]
791 1368 862 1434 beree
885 1375 1076 1452 postrernrem
1104 1369 1226 1434 addz'dit
1245 1369 1476 1452 propterquod
1504 1373 1612 1435 emere

330 1474 469 1538 moniam
500 1459 691 1538 mebriatur
697 1524 706 1558 ,
732 1475 958 1556 pulcherrimos
989 1476 1079 1558 filios.
1130 1479 1159 1539 et
1189 1476 1266 1539 orire
1296 1475 1351 1540 boc
1381 1475 1464 1540 Iuno
1492 1476 1614 1542 lomina

281 1592 311 1640 10
325 1581 494 1662 permitit,
517 1582 607 1662 qussi
629 1601 691 1646 aco
713 1582 749 1647 oh
773 1583 930 1647 lobidioem
952 1581 1069 1662 offerat.
1143 1597 1307 1645 evacuas
1330 1598 1444 1647 escun
1468 1584 1611 1648 notanda

331 1687 448 1771 figura3
471 1686 656 1771 frequenter
680 1687 766 1753 enim
789 1689 849 1753 hac
873 1689 985 1753 utitur.
1030 1709 1107 1752 nam
1136 1687 1220 1772 quod
1249 1709 1308 1752 nos
1338 1709 1396 1771 per
1425 1690 1612 1772 genetivum

332 1793 532 1878 singularem
562 1794 712 1878 dicimus,
743 1795 869 1880 antiqui
897 1817 955 1879 per
985 1795 1160 1877 septimum
1190 1792 1353 1877 dicebant,
1384 1797 1420 1857 ut
1448 1793 1510 1861 hoc
1539 1796 1611 1862 loco

332 1899 515 1986 ‘parentem
548 1900 685 1984 pulchra
716 1901 835 1986 prole’,
866 1901 900 1967 id
932 1905 983 1986 est
1014 1901 1168 1986 pulchrae
1201 1901 1312 1984 prolis.
1359 1904 1392 1964 et
1419 1901 1611 1986 simpliciter

332 2007 585 2092 intellegendum
609 2012 672 2093 est3
696 2013 807 2073 errant
828 2031 969 2094 namque
993 2008 1050 2092 qui
1071 2007 1183 2072 dicunt
1205 2007 1276 2072 ideo
1300 2005 1468 2092 ‘pulchra'
1492 2009 1611 2075 dixisse

281 2127 313 2172 15
333 2116 467 2198 propter
498 2113 646 2180 Canacen
677 2119 710 2181 et
738 2115 922 2182 Macareum
951 2117 984 2180 in
1015 2138 1050 2181 se
1081 2115 1219 2180 invicem
1251 2114 1457 2198 turpissimos
1486 2115 1613 2181 fratres.

332 2219 383 2284 illi
407 2219 492 2285 enim
517 2221 651 2286 alterius
675 2220 772 2286 Aeoli
794 2223 853 2287 filii
875 2222 1016 2289 fuerunt.

422 2327 472 2391 76.
504 2344 640 2395 Anouvs
670 2347 763 2394 nnnc
794 2329 947 2396 subaudis
978 2327 1102 2412 ‘dixit’,
1125 2329 1210 2414 quod
1240 2351 1279 2394 ex
1306 2328 1542 2414 posterioribus
1565 2329 1612 2394 in-

331 2433 514 2518 tellegitur,
538 2439 574 2501 ut
597 2458 697 2520 supra
718 2437 913 2502 notavimus.
1000 2453 1133 2502 snolnn
1156 2436 1321 2502 inferioris
1344 2459 1502 2520 personae
1526 2458 1611 2502 reve-

331 2540 436 2606 rentia
459 2546 509 2607 est
533 2542 691 2607 maiorem
718 2543 844 2608 meritis
874 2543 1054 2628 appellare,
1082 2564 1147 2608 non
1169 2543 1314 2626 nomine3
1343 2548 1457 2609 contra
1480 2543 1612 2608 maioris

278 2660 312 2708 ao
331 2650 382 2712 est
414 2647 572 2714 minorem
603 2649 734 2714 nomine
767 2653 895 2714 tautum
928 2670 1052 2714 vocare.
1104 2649 1159 2732 qui
1189 2649 1268 2714 ordo
1296 2671 1362 2714 non
1389 2649 1453 2714 nisi
1479 2673 1538 2734 per
1566 2650 1612 2714 in·

331 2753 553 2838 dignationem
578 2756 810 2840 corrumpitur,
834 2760 870 2821 ut
894 2756 928 2820 in
952 2755 1140 2838 duodecimo
1165 2752 1267 2838 Sages
1291 2755 1325 2819 in
1344 2757 1497 2821 extremis
1516 2756 1612 2821 rebus

332 2859 477 2924 Turnum
500 2881 564 2924 non
592 2881 701 2945 regem
728 2865 839 2944 vocat,
866 2864 904 2924 ut
930 2861 1085 2944 ruitque
1113 2860 1314 2943 inplorans
1343 2861 1496 2926 nomine
1520 2860 1614 2925 Tur·

331 2988 426 3032 num.
473 2970 506 3032 et
533 2966 612 3031 alibi
639 2967 678 3032 ds
706 2966 858 3032 Aristaeo
887 2971 924 3031 et
952 2973 989 3032 te
1018 2966 1213 3032 crudelem
1241 2967 1392 3032 nomine
1420 2967 1524 3034 dicit.

333 3098 419 3139 coras
440 3077 544 3156 optare
565 3093 629 3139 roro
651 3079 772 3138 tantem
791 3073 898 3156 clepere
919 3073 1086 3156 mpnifieot,
1109 3078 1145 3136 ul
1161 3073 1238 3138 alebi
1259 3076 1473 3156 optavitque
1495 3075 1613 3140 locam

279 3189 312 3238 16
334 3200 455 3264 repro,
478 3182 531 3246 sal
556 3182 649 3246 etiam
671 3181 757 3264 oolla,
784 3185 819 3244 ct
844 3179 899 3244 boc
926 3179 988 3244 loco
1012 3178 1104 3261 ‘qaid
1125 3177 1221 3260 optes'
1244 3182 1321 3262 qnid
1341 3181 1423 3246 velis.
1468 3181 1611 3246 Lreeilius

332 3288 366 3350 io
399 3287 453 3352 VI.
481 3273 582 3369 qaid
603 3289 722 3371 ipsum
747 3287 873 3368 faeere
905 3290 1015 3368 apter,
1045 3286 1080 3350 iel
1107 3291 1151 3350 est
1179 3287 1261 3352 velis.
1311 3287 1370 3352 olii
1397 3285 1489 3368 ‘quid
1514 3286 1612 3369 optes'

331 3395 407 3474 quid
422 3399 519 3474 petas.
564 3415 639 3459 serre
660 3395 793 3459 saraed
813 3395 968 3469 ordinem
994 3413 1069 3456 cam
1092 3393 1146 3473 qui
1163 3393 1320 3474 promittit
1340 3395 1447 3458 statim
1470 3415 1491 3457 o
1507 3395 1613 3476 panso

329 3499 467 3581 polliceri
493 3501 587 3585 debet,
613 3505 687 3584 post
716 3502 745 3566 si
775 3521 838 3581 quo
867 3499 933 3564 cult
958 3499 1066 3582 addat,
1098 3501 1133 3562 nl
1161 3499 1286 3564 auditor
1316 3501 1519 3582 matera
1550 3520 1612 3564 non

326 3607 466 3687 pareat.

367 3834 373 3847 ¹
406 3772 418 3818 1
439 3765 462 3818 si
481 3763 637 3847 proprium]
657 3764 719 3818 buo.
739 3763 792 3817 v11
810 3769 843 3817 31
867 3764 877 3832 11
900 3761 1057 3833 Terentius]
1077 3761 1162 3816 Andr.
1183 3761 1221 3814 IV
1240 3767 1265 3830 3,
1286 3768 1298 3814 1
1329 3760 1451 3815 ‘nihilne
1470 3777 1530 3817 esse
1542 3780 1610 3845 ‘pro-

331 3852 423 3959 re
441 3835 676 3976 clame
695 3831 1296 3974 mverisiensis-uce
1313 3833 1329 3970 l
1345 3837 1379 3955 e
1394 3831 1432 3957 c
1453 3833 1610 3974 crees

334 3977 369 4028 lV
388 3981 440 4030 356
463 3979 472 4046 11
495 3983 529 4030 24
553 3979 651 4046 optare
671 4017 677 4030 .
695 4019 700 4028 .
717 4020 722 4030 .
742 3976 840 4045 regno]
866 3976 934 4030 Don.
958 3974 995 4028 ad
1014 3974 1075 4027 Ter.
1095 3973 1179 4027 Andr.
1199 3973 1237 4026 lv
1256 3978 1282 4042 5,
1301 3979 1325 4028 2.
1355 3973 1417 4029 laid,
1438 3976 1507 4044 orig.
1528 3975 1566 4028 lx
1585 3982 1611 4042 6,

332 4053 364 4100 11
388 4049 398 4116 1
421 4047 597 4120 optavitque]
617 4048 652 4100 A.
671 4046 709 4099 Ill
730 4052 779 4101 109
803 4051 813 4114 1
836 4053 870 4100 16
889 4044 1025 4116 Lucilius]
1045 4045 1084 4098 Vl
1103 4051 1119 4098 6
1138 4043 1263 4098 Mueller.

402 4195 419 4242 4
443 4190 481 4242 od
499 4194 533 4242 14
557 4188 660 4243 Omnes
683 4188 784 4260 annos]
810 4188 880 4242 bena
979 4186 1072 4242 idest
1093 4185 1279 4256 praestitisse,
1304 4186 1434 4241 meritum
1458 4186 1533 4241 enim

332 4259 483 4314 deseendit.
505 4258 533 4311 P
549 4261 559 4328 11
579 4265 594 4314 6
614 4277 665 4314 nec
684 4259 724 4329 tel
744 4276 896 4328 numquam
922 4259 1057 4328 Ver-pilius
1074 4259 1084 4324 l
1107 4261 1123 4310 8
1142 4259 1180 4312 ad
1197 4275 1221 4313 e.
1238 4263 1269 4311 76
1288 4257 1410 4314 Pulchra
1428 4257 1521 4329 prole]
1541 4257 1610 4312 mire

332 4330 385 4384 hoc
404 4330 474 4384 Iuno
494 4329 600 4385 Lucina
618 4329 772 4400 promittit,
797 4330 878 4398 quasi
897 4347 958 4390 non,
972 4329 1008 4384 ob
1027 4326 1174 4383 libidinem
1193 4327 1298 4384 offerat.
1335 4328 1496 4397 frequenter
1514 4329 1609 4384 autem

332 4401 384 4455 hae
407 4401 497 4455 ulitur
520 4401 621 4471 figura;
645 4419 710 4456 nam
738 4401 812 4471 quod
911 4401 940 4456 id
964 4401 1008 4456 est
1029 4399 1162 4470 pulchrae
1186 4399 1280 4468 prolis.
1307 4399 1334 4452 P
1354 4401 1364 4468 1
1387 4417 1505 4453 succum
1528 4419 1610 4454 raons

331 4472 401 4527 bene
422 4512 472 4524 ...
493 4471 599 4527 offerat.
627 4472 752 4527 notanda
771 4475 866 4526 tamen
880 4473 969 4542 figura
988 4473 1032 4540 61
1047 4477 1079 4524 12
1093 4470 1242 4540 septimum
1257 4487 1352 4525 casum
1369 4471 1417 4538 Ρ1
1433 4477 1465 4524 13
1479 4470 1610 4542 pulchra]

332 4543 476 4611 pulchram
497 4543 529 4596 K
553 4543 687 4612 pulchrae
710 4542 797 4613 prolis
821 4543 859 4608 L,
884 4545 930 4597 sed
952 4542 976 4596 is
1000 4561 1014 4596 e
1036 4559 1104 4596 corr.
1127 4544 1137 4610 1
1161 4547 1193 4595 16
1220 4557 1350 4595 causeam
1370 4541 1395 4594 L
1423 4557 1554 4596 causeam
1575 4542 1612 4595 M

332 4613 444 4667 emesan
464 4613 493 4666 E
514 4617 524 4680 1
545 4614 724 4684 macharenm
742 4614 814 4668 ΒΜ
834 4617 844 4682 1
869 4620 901 4669 16
919 4613 970 4668 filii
988 4612 1073 4667 fuisse
1095 4613 1243 4666 narrantur
1260 4613 1331 4666 ΒΜ
1335 4613 1345 4665 l
1372 4611 1457 4666 fuisse
1475 4611 1528 4665 filii
1545 4628 1608 4666 nar-

330 4683 428 4737 rantur
442 4683 473 4736 Ε
484 4685 494 4753 11
510 4691 540 4738 17
561 4687 598 4739 ml
613 4703 638 4739 o.
653 4692 687 4741 '16
705 4686 810 4740 Aeolus
829 4685 911 4755 haee]
932 4685 1010 4739 deest
1024 4682 1102 4738 dixit.
1132 4683 1349 4806 Optcsqjoptars
1367 4681 1415 4736 hic
1433 4683 1507 4737 uelle
1526 4681 1609 4752 signi·
1647 4691 1649 4696 '

331 4755 408 4822 fioat,
427 4754 498 4808 aliae
517 4755 640 4826 elegere,
659 4761 692 4810 ut
710 4760 752 4812 est
771 4755 951 4826 ‘optauitque
970 4755 1064 4810 locum
1082 4755 1195 4822 regno’.
1265 4757 1275 4822 1
1298 4753 1463 4808 subauditur
1480 4752 1544 4806 BE
1561 4754 1609 4809 de-

331 4829 374 4878 est
393 4824 495 4894 M0¹l
511 4832 543 4881 18
558 4827 710 4881 notandum
729 4830 772 4882 est
785 4827 813 4882 B
832 4831 960 4883 notatum
979 4827 1022 4882 est
1042 4825 1112 4879 ME
1124 4827 1134 4894 11
1150 4831 1181 4879 19
1197 4823 1320 4895 maioris]
1336 4824 1500 4878 meritorum
1513 4824 1584 4878 ΒΜ
1603 4828 1609 4891 ,¹

331 4902 363 4951 21
384 4897 439 5013 ut..
455 4940 462 4953 .
479 4937 485 4950 .
504 4897 616 4954 nomiae
635 4897 705 4954 dicit
723 4915 773 4955 om.
788 4899 820 4953 K
831 4901 888 4969 126
902 4897 1006 4968 ipsum]
1021 4915 1065 4952 me
1085 4897 1149 4950 add.
1162 4895 1314 4950 Muellerus
1327 4896 1337 4966 1
1351 4897 1384 4950 28
1399 4895 1502 4951 addere
1516 4895 1610 4952 malim
