3590 5558
560 455 1138 514 COMM.1NVERG.AEN.1.ro-m.
1386 455 1391 463 '
1445 457 1487 520 41

206 622 321 688 harum
343 623 452 685 autem
472 620 731 705 quattuordecim
750 620 894 705 nomina,
917 624 954 685 ut
973 621 1102 706 quidam
1122 622 1249 701 volunt,
1272 622 1306 688 in
1320 620 1489 706 Georgicis

207 729 398 794 invenimus.
445 725 647 810 ‘praestanti’
671 731 774 792 auum
797 726 951 811 ‘corpore'
973 749 1033 810 pro
1050 729 1242 809 praestantis
1265 730 1414 812 corporis,
1437 729 1488 793 ab·

210 835 340 900 laticum
357 855 417 918 pro
437 835 581 918 pontico.

298 942 349 1006 72.
387 965 709 1015 ornnrnornrromm
738 940 870 1005 dicimus
892 945 920 1005 et
940 961 999 1022 por
1021 961 1052 1006 se
1076 939 1225 1022 ‘quorum
1250 962 1328 1023 quoe
1348 939 1488 1023 milcher·-

209 1048 317 1131 riruo’,
340 1054 369 1114 et
384 1049 459 1131 piiss
482 1047 604 1112 ornauit
626 1047 785 1127 inferendo
809 1046 927 1128 ‘formo
943 1047 1179 1130 pulcherrimo'.
1509 1059 1524 1108 5

299 1157 351 1220 73.
388 1171 544 1220 convnlo
568 1169 703 1218 windam
726 1153 806 1217 deest
827 1174 911 1230 cam;
942 1158 970 1216 et
993 1155 1172 1244 conubium
1195 1158 1245 1219 est
1272 1154 1322 1218 ius
1349 1153 1490 1237 legitimi

210 1259 419 1326 matrimonii.
475 1265 507 1324 st
539 1261 620 1324 bene
654 1258 809 1324 ‘conubio
843 1259 994 1344 iungum’
1027 1261 1121 1345 dixit,
1159 1265 1196 1325 ut
1227 1261 1310 1326 hanc
1342 1261 1384 1325 ab
1417 1260 1491 1325 aliis

209 1372 412 1451 segregaret,
443 1387 524 1450 quae
549 1391 568 1432 a
591 1365 722 1452 regibus
748 1366 817 1430 sine
841 1366 913 1449 lege
941 1365 1112 1431 habentur.
1158 1368 1266 1433 solent
1288 1367 1374 1431 enirn
1397 1387 1490 1451 reges

209 1473 292 1537 iuter
319 1467 429 1557 plures
458 1473 512 1537 uni
540 1472 747 1556 praecipuum
776 1472 851 1537 darc
879 1495 998 1538 nomeu
1026 1475 1145 1540 uxoris.
1191 1477 1224 1538 et
1247 1472 1418 1538 ‘conubio'
1447 1496 1491 1538 nu

211 1581 340 1645 brevem
362 1579 486 1663 posuit,
511 1601 584 1644 oum
606 1579 799 1645 naturaliter
823 1580 924 1664 longa
947 1581 1000 1645 sit.
1045 1581 1133 1646 nubo
1157 1581 1257 1664 enim,
1284 1580 1367 1644 unde
1391 1579 1491 1645 habet
1512 1592 1543 1639 ιο

210 1685 383 1771 originem,
406 1687 506 1771 longa
525 1690 585 1751 est.
623 1686 680 1751 sed
699 1690 749 1751 est
771 1691 884 1770 tropus
905 1689 1044 1772 systole,
1067 1687 1122 1772 qui
1146 1687 1184 1751 fit
1203 1687 1491 1772 quotienscumque

209 1795 307 1880 longa
330 1792 503 1876 corripitur
526 1793 656 1878 syllaba
679 1796 813 1877 propter
836 1794 931 1858 metri
954 1795 1192 1859 necessitatem.
1238 1793 1307 1876 ipse
1332 1793 1396 1858 alio
1420 1793 1491 1858 loco

210 1900 343 1985 longam
366 1901 489 1985 posuit,
514 1904 550 1964 ut
574 1903 625 1964 est
649 1899 832 1965 Hectoris
852 1899 1120 1966 Andromache
1139 1899 1303 1984 Pyrrhin
1327 1899 1492 1964 conubia

211 2007 368 2072 servas?
415 2007 494 2072 item
525 2006 662 2090 cuique
695 2006 769 2070 loci
803 1993 911 2091 leges
942 2007 1128 2086 dedimus,
1161 2005 1326 2071 conubia
1357 2008 1492 2070 nostra

210 2111 384 2198 reppulit
408 2117 440 2178 et
467 2134 534 2197 per
557 2113 724 2178 conubia
746 2115 882 2178 nostra
906 2117 938 2178 et
961 2112 1247 2198 Nomadumque
1275 2115 1402 2197 petam
1430 2134 1492 2176 co·
1513 2122 1544 2170 15

210 2219 330 2284 nubia
359 2220 531 2304 supplex.
582 2219 747 2284 sciendum
774 2223 885 2284 tamen
912 2222 977 2303 est,
1005 2220 1081 2304 quia
1107 2221 1297 2304 plerumque
1321 2219 1355 2282 in
1378 2239 1492 2302 conpo-

212 2326 328 2392 sitione
359 2325 408 2390 vel
437 2325 636 2391 derivatione
670 2325 922 2410 principalitatis
956 2329 1073 2390 natura
1106 2327 1333 2409 corrumpitur.
1433 2342 1492 2390 co-

211 2450 319 2499 uvmo
339 2449 475 2497 rvuoan
492 2451 631 2498 srssmr
645 2449 895 2510 ruornrnnqvn
911 2449 1040 2498 mosao
1060 2433 1163 2498 multa
1182 2433 1334 2498 inunum
1355 2431 1493 2497 contulit

212 2562 340 2606 versum
364 2561 445 2624 quae
469 2538 550 2605 Iuno
578 2540 756 2624 promittit,
784 2537 917 2604 dicendo
942 2541 1028 2604 euim
1053 2538 1224 2604 ‘conubio’
1248 2538 1392 2606 ostendit
1414 2537 1492 2621 legi-

212 2647 340 2730 timam,
363 2645 498 2710 dicendo
522 2645 668 2710 ‘stabili’
692 2646 825 2728 longam
848 2645 1014 2728 promittit
1037 2647 1256 2730 concordiam,
1280 2647 1312 2710 id
1337 2648 1386 2710 est
1409 2666 1491 2728 quae
1510 2656 1543 2704 1ο

212 2753 352 2817 divortio
377 2755 499 2835 careat,
527 2751 661 2844 diuorum
690 2750 886 2836 ‘propriam’
916 2752 1069 2817 adulterii
1096 2757 1240 2818 removet
1269 2752 1493 2837 suspitionem.

212 2858 296 2944 quod
320 2862 429 2923 autem
454 2857 571 2923 adiecit
595 2856 742 2924 ‘dicabo'
766 2859 999 2943 obsequentem
1023 2880 1094 2923 eam
1116 2857 1186 2923 fore
1209 2859 1420 2924 demonstrat.
1458 2858 1493 2922 in

213 2989 272 3030 usu
296 2964 382 3028 enim
406 2967 456 3030 est
479 2968 517 3029 ut
539 2965 697 3050 dicamus,
725 2965 875 3032 sacerdos
905 2965 1030 3029 dicatus
1060 2968 1109 3029 est
1132 2965 1271 3050 numini,
1293 2963 1356 3032 hoc
1380 2963 1493 3030 estad

213 3071 404 3157 obsequium
433 3071 528 3135 datus
559 3075 619 3135 est.
669 3072 728 3136 olii
756 3071 892 3138 ‘dicabo'
920 3071 997 3136 dolo
1024 3073 1186 3154 accipiunt.
1234 3073 1393 3138 Terentius
1420 3072 1494 3135 iarn

213 3179 306 3244 lianc
328 3201 473 3262 operam
497 3179 564 3243 tibi
594 3181 686 3258 dico,
709 3182 745 3246 tol
765 3187 809 3246 est
830 3183 881 3259 do,
909 3181 1000 3246 sicuti
1022 3181 1060 3245 ab
1083 3201 1116 3246 eo
1138 3181 1221 3262 quod
1242 3185 1286 3246 est
1307 3181 1373 3245 dico
1390 3179 1493 3261 parti·
1512 3187 1547 3237 as

213 3287 328 3368 mptum
351 3308 372 3348 o
389 3287 515 3368 passivo
533 3287 632 3351 dictus
652 3287 742 3370 facit,
764 3293 800 3351 ut
817 3293 860 3350 est
878 3287 1018 3351 Iunoni
1041 3287 1213 3366 infernae
1235 3286 1356 3350 dictos
1377 3307 1493 3363 socer,

212 3393 354 3472 quumvis
375 3391 452 3455 olibi
475 3392 583 3455 lectum
604 3392 646 3456 sit
669 3393 815 3474 templis
841 3392 915 3457 sibi
939 3392 1039 3472 ferre
1061 3393 1206 3457 dicatis.
1252 3391 1427 3475 ‘propriam
1449 3393 1493 3456 di-

214 3497 302 3563 cubo’
326 3502 428 3561 numm
451 3499 530 3563 deest
553 3497 623 3564 ‘tabi
646 3497 737 3564 eam'.
775 3496 969 3582 ‘proprium'
991 3504 1093 3563 autem
1110 3519 1277 3581 possuntne
1299 3499 1345 3564 ccl
1367 3499 1493 3581 firmum

288 3655 485 3797 13'HectorisqA
496 3674 527 3728 A.
543 3674 672 3744 11131911
688 3681 720 3728 14
735 3674 847 3756 cuique]
865 3674 898 3727 A.
915 3673 953 3726 IV
966 3679 1017 3727 113
1031 3675 1042 3743 ΙΙ
1057 3677 1089 3727 11
1104 3690 1154 3742 per
1168 3671 1298 3755 conubia]
1317 3674 1350 3726 A.
1366 3673 1405 3726 IV
1420 3673 1495 3732 3161

215 3745 445 3886 ἕτοιῖἒὲἓῗῆιιὲ
464 3788 493 3870 V.
508 3744 859 3870 ε1ὶὲ11111111411111111111]
879 3744 989 3798 Phorm.
1009 3746 1019 3798 1
1034 3751 1059 3812 2,
1076 3750 1107 3798 11
1122 3747 1131 3814 ΙΙ
1146 3751 1179 3800 16
1194 3743 1304 3815 lunam]
1320 3745 1352 3854 A,
1366 3743 1405 3797 VI
1422 3750 1472 3798 138
1485 3743 1494 3807 ,l

289 3981 302 4028 1
318 3977 350 4028 ut
362 3975 477 4044 quidam
491 3975 653 4030 voluntem.
668 3977 701 4030 K
711 3979 721 4044 ΙΙ
735 3983 751 4030 6
766 3977 803 4030 ud
816 3981 884 4030 1173
900 3973 1024 4030 conubio
1039 3975 1166 4046 iungam]
1181 3976 1261 4030 deest
1275 3991 1345 4030 eam.
1368 3979 1397 4029 et
1411 3991 1494 4029 eonn-

215 4045 293 4099 bium
312 4047 415 4100 estius
432 4045 552 4114 legitimi
572 4047 750 4101 matrimonii.
783 4047 812 4101 et
832 4046 982 4102 ‘conubio’
1003 4064 1041 4098 nu
1060 4046 1174 4100 breuem
1193 4045 1306 4116 posuit.
1322 4086 1329 4100 .
1345 4046 1495 4116 ,quotiens

216 4117 301 4186 longa
321 4117 470 4186 corripitur
488 4116 570 4170 metri
588 4134 679 4172 causa.
715 4117 774 4187 ipse
789 4117 845 4172 alio
863 4117 926 4172 loco
945 4118 1057 4186 longam
1097 4117 1173 4171 osuit
1189 4119 1222 4172 ut
1241 4117 1377 4172 ‘conubia
1399 4117 1496 4170 nostra

215 4187 360 4257 reppulit’.
388 4187 530 4242 sciendum
545 4189 720 4257 tumenquia
737 4231 743 4246 .
760 4231 766 4244 .
782 4229 788 4242 .
806 4190 916 4242 natura.
944 4186 1057 4258 Stabili]
1076 4135 1190 4258 iongam
1282 4188 1318 4244 ad
1332 4185 1496 4254 obsequium

216 4259 291 4312 latus
310 4261 360 4313 est
399 4257 449 4312 alii
468 4258 592 4314 ‘dicabo'
610 4301 616 4313 .
633 4303 638 4313 .
655 4302 661 4314 .
678 4259 832 4330 ‘propriam
848 4259 958 4314 dicabo'
980 4259 1075 4312 autem
1093 4257 1173 4314 deest
1193 4259 1296 4314 ‘eam'.
1314 4260 1341 4313 P
1352 4259 1362 4327 ΙΙ
1377 4264 1409 4312 10
1427 4257 1494 4310 iude

216 4329 248 4383 K
273 4331 305 4383 ut
325 4329 353 4382 P
368 4332 379 4426 u
397 4335 429 4383 11
449 4329 510 4412 qui]
530 4347 583 4399 que
602 4331 634 4384 K
649 4333 659 4400 ΙΙ
681 4337 712 4384 12
732 4330 816 4384 metri
834 4347 918 4384 causa
938 4330 972 4384 O·
990 4332 1000 4400 ΙΙ
1017 4329 1221 4386 necessitatem.
1259 4329 1366 4384 Statius
1384 4345 1495 4397 quoque

217 4399 715 4540 11111111111111111ῗὶ
727 4403 808 4526 ”tt
820 4400 922 4527 tut
937 4401 1494 4542 ,1111111111111111·

217 4543 294 4612 pitur
311 4541 338 4595 B
367 4543 523 4612 corrupitur
541 4543 573 4596 K
584 4545 593 4610 t
609 4549 641 4596 la
660 4490 778 4597 dicebbo
799 4585 804 4596 .
825 4587 830 4598 .
852 4542 1033 4612 ‚legitimam
1052 4557 1102 4595 orn.
1122 4543 1154 4596 K
1168 4545 1178 4612 ΙΙ
1197 4543 1222 4597 le
1244 4543 1329 4596 imam
1347 4542 1373 4594 L
1400 4539 1494 4610 legiti-

218 4630 293 4666 mum
313 4613 343 4666 E
359 4614 474 4680 sonasse
492 4613 651 4682 legitimum
669 4613 885 4669 matrimonium.
900 4617 910 4684 ΙΙ
924 4621 954 4668 11
973 4611 1158 4682 suspicionem
1172 4561 1256 4683 Elin
1271 4619 1303 4666 11
1323 4612 1496 4668 monstrabat

219 4684 268 4750 ΡΙΙ
282 4689 316 4737 13
331 4687 420 4738 estut
438 4701 488 4738 om.
505 4685 601 4754 Puer
621 4683 703 4738 datus
722 4685 777 4756 est]
797 4685 924 4739 datosK
948 4685 1030 4738 datus
1049 4684 1132 4752 9th
1159 4684 1241 4738 datus
1260 4687 1311 4740 est.
1347 4687 1380 4738 ut
1397 4682 1444 4752 ipis
1461 4681 1496 4752 pi

217 4753 340 4808 familias
358 4771 461 4810 voveo:
479 4754 574 4822 itaque
596 4756 671 4809 totus
691 4771 754 4808 cum
773 4754 895 4810 dictione
914 4754 1136 4825 pronuntiandus
1155 4757 1198 4809 est
1211 4755 1241 4808 D
1285 4754 1343 4808 iarn
1361 4771 1410 4809 om.
1431 4755 1496 4809 libri

221 4825 381 4879 Terentium
394 4827 404 4894 ΙΙ
418 4832 451 4880 11
467 4825 549 4880 sicuti
564 4870 570 4880 .
588 4867 593 4879 .
609 4869 615 4881 .
631 4824 711 4896 facit]
730 4826 846 4892 fortusse
865 4825 946 4880 sicuti
966 4826 1001 4880 do
1016 4828 1045 4879 et
1061 4829 1104 4880 est
1117 4825 1180 4879 dico
1195 4757 1271 4894 quoi
1284 4823 1465 4894 participium
1479 4843 1497 4880 a

219 4895 332 4966 passivo
351 4896 442 4952 dictus
462 4895 530 4952 facit
549 4899 567 4950 i.
587 4914 607 4950 e.
626 4897 709 4951 sicuti
727 4903 751 4951 et
770 4898 856 4952 dicere
875 4898 1012 4952 interdum
1030 4898 1100 4953 idem
1117 4897 1256 4966 sipoiftcot
1274 4898 1345 4967 quod
1363 4898 1437 4952 dore.
