3636 5550
315 457 380 522 248
893 457 1014 514 SERVII

314 627 533 715 raerlerenlnr
555 623 599 686 ad
619 643 724 705 naam,
754 621 872 703 illices,
894 627 929 684 ni
950 623 1002 687 sni
1025 626 1146 686 lantani
1168 622 1269 703 orieris
1290 623 1444 686 riderelnr
1466 623 1596 704 effeetus,

314 729 410 794 valerii
431 748 556 810 sequens
574 729 708 793 'ecanae
727 727 922 794 Diomedem:
945 731 1033 794 enias
1055 730 1108 796 ille
1130 735 1274 794 canalnrn
1297 750 1366 793 neni
1389 731 1433 793 ad
1453 729 1597 794 simeram

316 837 408 900 lanae
438 841 584 918 notasset,
615 836 778 917 relioatnrn
804 857 884 918 orac
914 857 946 902 se
976 857 1071 918 nsque
1102 838 1146 902 ad
1176 843 1280 902 casira
1308 835 1497 902 Graecorum
1529 838 1597 920 eorl.

316 943 388 1007 ideo
421 946 531 1006 autem
563 941 625 1006 hoc
656 943 826 1027 negotium
862 943 915 1008 his
948 944 1158 1028 potissimum
1195 944 1306 1028 datur,
1344 946 1420 1028 quia
1456 945 1596 1009 cultores

281 1051 445 1114 afuerunt
472 1049 647 1115 Minervae.
697 1049 759 1115 hoa
787 1071 860 1114 amn
885 1053 1002 1134 postea
1031 1049 1205 1115 Diomedes
1233 1049 1382 1134 haberet,
1408 1055 1445 1118 ai
1470 1051 1598 1132 qnidam

316 1159 439 1222 dicant:
464 1156 548 1241 quod
573 1159 606 1220 et
620 1155 786 1240 Vergilius
811 1179 848 1221 ex
868 1161 960 1241 parte
979 1157 1102 1242 tangit,
1126 1161 1159 1221 et
1173 1155 1278 1222 Varro
1298 1157 1485 1241 plenissime
1504 1157 1599 1222 dicit:

317 1263 448 1328 credens
482 1262 544 1326 sibi
575 1283 640 1327 non
668 1283 738 1327 esse
767 1265 892 1346 aptum,
923 1267 1056 1347 propter
1088 1285 1148 1328 sue
1174 1264 1332 1347 pericula,
1365 1265 1476 1347 qnibrrs
1509 1285 1600 1330 nerne-

316 1391 410 1452 qnarn
437 1371 608 1434 eariinrnm
631 1370 785 1452 responsis
807 1374 999 1454 coenaverat,
1027 1371 1091 1434 nisi
1116 1371 1263 1435 Troianis
1292 1369 1473 1434 Palladiam
1500 1373 1600 1436 redeli-

319 1479 423 1562 dissel‚
453 1476 636 1543 transeunti
660 1497 720 1558 per
750 1475 930 1542 Calabriam
960 1477 1090 1542 Aeneae
1121 1477 1237 1542 offerre
1268 1481 1402 1542 conatus
1432 1482 1491 1542 est
1543 1478 1599 1542 sed

267 1601 299 1648 10
320 1607 392 1649 cum
417 1607 451 1650 se
483 1584 539 1648 ille
563 1583 672 1648 velato
700 1584 806 1666 capite
837 1583 1023 1647 sacrificans
1054 1582 1282 1666 convertisset,
1311 1581 1436 1647 Nautes
1467 1583 1600 1667 quidam

318 1691 444 1774 accepit
471 1691 692 1754 simulacrum:
725 1689 808 1754 unde
837 1689 1002 1755 Minervae
1035 1713 1127 1754 sacra
1159 1712 1224 1754 non
1253 1689 1338 1754 Iulia
1365 1711 1445 1774 gens
1474 1689 1600 1772 habuit,

319 1797 373 1862 sed
397 1797 602 1863 Nautiorum.
646 1796 723 1860 hinc
747 1798 852 1862 estin
882 1797 996 1882 quinto
1020 1796 1128 1880 <704>
1153 1795 1245 1883 (tum
1270 1797 1401 1862 senior
1424 1797 1455 1862 N
1462 1796 1600 1882 autea,)

319 1927 430 1970 unum
463 1903 642 1969 Tritonia
672 1903 804 1967 Pallas
837 1925 948 1988 quem
980 1902 1121 1968 docuit.
1173 1925 1369 1988 quamquam
1398 1903 1454 1968 alii
1481 1904 1601 1987 dicant,

320 2013 527 2076 simulacrum
563 2010 625 2075 hoc
657 2033 677 2075 a
708 2009 857 2076 Troianis
881 2010 1115 2076 absconditum
1154 2010 1255 2075 fuisse
1291 2012 1379 2076 intra
1416 2015 1599 2077 extructum

269 2135 301 2183 15
319 2119 491 2203 parietem,
511 2123 683 2204 postquam
703 2122 906 2202 agnoverunt
930 2116 1062 2182 Troiam
1082 2139 1152 2181 esse
1167 2117 1361 2200 perituram:
1386 2117 1471 2202 quod
1485 2121 1601 2201 postea

272 2237 280 2252 “
320 2226 408 2291 bello
431 2225 652 2290 Mithridatico
677 2225 795 2290 dicitur
814 2223 961 2291 Fimbria
985 2225 1116 2309 quidam
1135 2224 1301 2290 Romanus
1325 2226 1495 2290 inventum
1519 2225 1600 2290 indi·

321 2355 425 2398 casse:
450 2332 535 2417 quod
559 2332 698 2396 Romam
726 2337 854 2398 constat
883 2332 1063 2405 advectum.
1109 2335 1142 2396 et
1165 2353 1238 2396 cum
1262 2353 1452 2415 responsum
1475 2332 1602 2414 fuisset,

320 2440 389 2505 illic
418 2438 594 2523 imperium
627 2439 710 2524 fore,
746 2441 804 2505 ubi
835 2443 869 2504 et
896 2439 1094 2520 Palladium,
1132 2438 1279 2502 adhibito
1312 2437 1473 2503 Mamurio
1508 2439 1602 2503 fabro

323 2548 427 2612 multa
450 2547 572 2612 similia
594 2545 682 2610 facta
705 2549 788 2612 sunt.
816 2569 928 2611 verum
952 2549 1062 2610 tamen
1081 2545 1271 2630 agnoscitur
1288 2544 1404 2610 hastae
1423 2545 1603 2610 oculorum-

269 2669 303 2717 2ο
322 2675 383 2737 que
407 2652 607 2718 mobilitate:
639 2653 721 2718 unde
753 2657 804 2717 est
826 2653 933 2736 <172>
965 2651 1035 2717 ‘vix
1065 2652 1208 2735 positum
1239 2650 1355 2715 castris
1386 2651 1604 2736 simulacrum,

323 2783 430 2825 arsere
454 2779 605 2824 coruscae
628 2758 806 2824 luminibus
829 2758 994 2824 flammae’
1023 2759 1075 2824 vel
1099 2759 1206 2841 <175>
1230 2755 1440 2842 ‘hastamque
1462 2763 1603 2824 tremen-
1642 2789 1646 2797 =

323 2865 415 2932 tem'.
462 2866 517 2930 sed
540 2866 581 2930 ab
604 2887 669 2930 una
692 2869 820 2931 tantum
844 2866 1010 2932 sacerdote
1033 2866 1205 2943 videbatur,
1228 2869 1266 2929 ut
1288 2863 1437 2930 Lucanus
1461 2867 1603 2948 (1598)

323 2973 529 3038 Troianam
558 2973 633 3037 soli
666 2971 725 3037 cui
758 2973 816 3038 fas
847 2972 996 3038 vidisse
1023 2971 1244 3036 Minervam.
1295 2971 1405 3036 dieunt
1434 2995 1511 3038 saue
1539 2974 1605 3057 alii,

323 3102 422 3144 unum
446 3055 654 3144 siniulacrum
678 3079 767 3143 caelo
791 3079 933 3162 lapsum,
961 3079 1043 3160 qrmd
1069 3079 1200 3143 nabibus
1223 3080 1381 3144 mucelam
1402 3083 1431 3142 ci
1452 3081 1487 3144 in
1511 3086 1605 3162 ponte

271 3201 304 3248 25
324 3187 506 3268 depositam,
539 3185 624 3268 apud
651 3183 800 3269 Athenas
829 3186 957 3248 tantum
986 3184 1100 3266 fuisse,
1133 3187 1214 3252 ande
1240 3190 1268 3250 et
1296 3179 1497 3269 γεφυριστὴς
1524 3187 1605 3251 dicia

324 3299 375 3358 esi.
403 3315 440 3358 ea
461 3314 524 3375 qna
546 3293 639 3356 eliam
662 3313 758 3357 caasa
775 3268 936 3374 oioniifioes
959 3297 1151 3373 nuncupatas
1173 3293 1295 3357 nolani:
1318 3295 1460 3374 anamais
1477 3295 1605 3375 queram

322 3401 480 3483 pellifices
502 3421 522 3462 a
540 3404 633 3482 ponte
654 3399 794 3482 sublicio,
817 3400 871 3480 qni
891 3400 1017 3480 primns
1042 3399 1137 3480 Tybri
1164 3401 1326 3482 impositus
1352 3405 1409 3478 esi,
1438 3400 1605 3481 appamiae

325 3509 466 3590 nodarat,
488 3508 568 3572 sinii
590 3505 749 3572 Selaima
771 3509 914 3572 carmina
937 3506 1111 3586 laqunninr.
1148 3507 1201 3570 sed
1222 3505 1277 3570 hac
1295 3505 1480 3571 Atheniense
1499 3507 1606 3572 Polla-

326 3616 413 3679 diam
440 3635 461 3678 a
486 3614 634 3678 venenis
663 3613 810 3678 Troianis
836 3612 937 3677 Diam
965 3611 1160 3677 translatam.
1211 3612 1269 3677 alii
1297 3613 1361 3678 duo
1390 3613 1516 3678 volunt:
1545 3613 1607 3678 hoc

274 3734 308 3782 2ο
327 3720 366 3785 de
394 3742 457 3806 quo
486 3720 638 3802 diximus,
665 3723 698 3784 et
725 3719 807 3784 illud
831 3719 1039 3784 Atheniense.
1084 3719 1156 3796 alii,
1184 3739 1254 3782 crem
1281 3719 1320 3783 ab
1342 3719 1395 3784 Ila
1417 3715 1517 3784 Diam
1540 3741 1608 3785 eon-

326 3828 536 3908 areton-ne
559 3829 731 3894 Troianam
753 3829 834 3893 caela
857 3828 980 3909 lapsam
1002 3828 1123 3892 dicuni:
1146 3827 1206 3890 alii
1227 3848 1249 3890 a
1267 3825 1420 3890 Dardana
1443 3828 1480 3892 de
1497 3825 1605 3892 Sarno

401 3991 415 4038 1
435 3985 550 4040 effectus
570 3986 599 4038 P
614 3991 640 4040 et
657 3986 761 4040 Daniel
779 3987 811 4039 in
830 3985 980 4054 exemplari
996 3984 1165 4038 Basileensi:
1188 3983 1304 4038 effector
1321 3984 1427 4038 Daniel
1445 3985 1545 4050 edidit,
1563 4001 1607 4038 ne·

328 4073 379 4128 one
397 4056 563 4110 Fnldensem
581 4058 723 4111 dissentire
741 4058 773 4111 in
791 4057 940 4124 appamiae
958 4057 1120 4110 adactorum
1135 4061 1180 4110 est.
1194 4057 1234 4123 na
1255 4054 1404 4109 diomeden
1421 4055 1500 4124 Pla
1520 4073 1607 4124 usque

329 4129 358 4182 in
375 4128 481 4182 Daniel
502 4128 511 4196 l
534 4134 550 4182 4
574 4127 672 4182 datum
695 4129 769 4181 Lien
791 4131 801 4196 ΙΙ
823 4133 838 4182 ‘l
863 4144 922 4181 ease
946 4143 996 4182 arn.
1016 4127 1041 4179 L
1065 4127 1139 4192 (add.
1164 4128 1184 4191 l)
1208 4129 1218 4194 ΙΙ
1241 4125 1377 4196 pericula]
1403 4125 1515 4194 piacula
1537 4128 1608 4181 carri.

331 4200 430 4254 Maias
453 4199 490 4252 ad
513 4199 643 4268 mylbayr.
667 4201 677 4268 l
700 4199 800 4268 quibus
824 4215 853 4252 se
877 4214 1029 4264 numquam
1053 4197 1157 4252 Daniel
1178 4199 1188 4266 l
1213 4203 1245 4250 10
1269 4213 1298 4250 se
1321 4214 1372 4250 om.
1393 4197 1446 4251 GL
1466 4197 1541 4264 (add.
1561 4199 1581 4266 l)
1607 4212 1609 4245 l

328 4269 490 4326 reuertisset
509 4269 532 4324 t'
543 4271 553 4338 ΙΙ
568 4276 598 4323 11
619 4269 671 4324 iuli
685 4271 710 4322 L
729 4269 809 4340 (iulia
827 4271 847 4334 l)
861 4271 870 4336 ΙΙ
885 4273 918 4322 12
937 4267 1104 4324 Nautiorum
1124 4269 1159 4322 0:
1177 4271 1327 4323 nautarum
1346 4268 1411 4321 ΕΗ
1414 4269 1450 4321 Μ
1454 4267 1485 4322 Ε
1502 4267 1608 4323 Nauta-

328 4359 390 4396 rum
408 4342 620 4411 myth-aoraolrns
638 4347 663 4395 el
681 4343 735 4396 dno
755 4341 820 4395 libri
838 4340 1000 4394 Bannanni
1017 4341 1027 4408 l
1047 4345 1079 4393 13
1099 4338 1206 4410 dicant]
1225 4339 1332 4393 ducunt
1350 4339 1401 4407 Ll
1421 4344 1453 4392 15
1473 4340 1609 4408 parietem

329 4411 431 4482 templi
448 4412 553 4466 Daniel
566 4415 576 4480 l
589 4415 764 4481 agnouerant
782 4413 861 4482 11116
880 4410 1039 4465 uindicasse
1057 4411 1293 4480 mylbaoraolinsl
1309 4417 1341 4465 la
1360 4409 1496 4464 Mamurio
1516 4409 1608 4482 labro]

329 4485 436 4540 artifice
455 4484 559 4538 Daniel
572 4485 582 4552 l
597 4489 629 4538 19
649 4500 745 4538 uerum
760 4483 867 4554 mmen]
888 4481 963 4551 quod
979 4484 1022 4536 cst
1040 4486 1136 4536 tamen
1149 4498 1248 4536 uerum
1261 4481 1366 4536 Daniel
1379 4484 1388 4550 Ι
1402 4497 1499 4535 uerum
1514 4483 1609 4536 tamen

331 4598 381 4612 ...
400 4554 544 4610 sacerdote
563 4556 622 4623 (lin.
643 4556 700 4626 22)]
722 4555 824 4609 Verum
843 4557 939 4609 tamen
957 4552 1101 4623 cognitum
1119 4553 1219 4608 hasim
1243 4553 1442 4621 oculorumque
1461 4552 1609 4608 nobilitate

332 4629 391 4694 (sia)
406 4628 449 4679 eet
464 4626 500 4681 ab
513 4643 570 4681 una
583 4629 694 4680 tantum
709 4626 862 4681 sacerdote.
881 4625 1094 4694 mytbooraplrns
1107 4625 1117 4692 l
1130 4624 1274 4679 oculorum
1290 4625 1327 4678 M
1339 4626 1397 4693 120
1411 4622 1485 4678 unde
1500 4625 1544 4678 aet
1556 4624 1611 4678 hoc

331 4698 362 4752 E
378 4699 388 4767 ΙΙ
405 4703 438 4750 21
459 4697 579 4751 conrecis
597 4697 661 4750 ΒΗ
664 4699 701 4751 Μ
716 4699 726 4766 ΙΙ
744 4703 777 4752 23
797 4697 937 4752 troianum
957 4696 991 4750 Η
1000 4697 1010 4766 ll
1029 4695 1073 4750 cui
1092 4696 1134 4750 fas
1153 4695 1206 4750 soli
1224 4695 1289 4748 ΕΗ
1304 4697 1314 4764 l
1332 4693 1488 4750 mineruam
1508 4711 1541 4749 ee
1559 4694 1610 4748 mi·

331 4783 446 4823 neruem
465 4767 498 4820 H
517 4769 527 4838 l
550 4774 583 4822 24
602 4767 750 4823 advectum
769 4768 885 4824 Daniel:
905 4767 1045 4822 adlectum
1067 4765 1091 4820 (l
1109 4771 1119 4833 l
1140 4773 1174 4821 25
1193 4785 1346 4834 osmannae
1364 4765 1469 4820 Daniel
1491 4767 1501 4835 l
1523 4771 1558 4821 26
1577 4783 1611 4820 ex

333 4855 389 4906 qua
407 4855 493 4893 cansa
511 4839 598 4894 etiam
616 4839 720 4894 Daniel
738 4841 748 4909 l
770 4847 803 4895 21
824 4838 928 4908 Tyberi
945 4838 1049 4893 Daniel
1066 4841 1076 4908 ll
1095 4843 1128 4892 28
1148 4837 1277 4892 locuntur
1296 4836 1400 4892 Daniel
1418 4839 1428 4905 ΙΙ
1447 4844 1480 4891 31
1501 4837 1610 4892 labeum

332 4908 437 4964 Daniel
456 4911 467 4978 ΙΙ
485 4909 683 4965 Samo-Traeis
701 4911 724 4964 0
