3590 5558
564 457 676 514 COMM.
697 459 965 514 1112966162.
987 461 1004 514 ῐ.
1026 466 1140 514 ee-ee.
1450 459 1492 522 m

209 621 336 706 frigus
360 620 505 686 aduret.
550 642 626 687 uam
648 628 678 687 ct
694 621 808 688 Graeci
830 619 951 707 φρικτὰ
972 625 1078 688 cliacui
1095 643 1174 704 quac
1195 626 1269 686 suut
1292 623 1494 704 limandum

209 729 366 794 Homerus
395 728 515 812 [δῶρα
543 725 613 812 μὲν
641 724 711 794 οὐκ
740 729 788 793 ἔτ’
818 725 966 811 ὀνοστά].
1011 729 1123 796 la'uius
1149 732 1185 795 iu
1214 729 1347 812 Odyssia
1372 729 1495 811 ipitur

210 837 350 900 demum
389 834 493 901 Ulixi
524 856 586 900 cor
614 837 732 916 futuit
756 856 851 918 prae
876 845 1023 918 p‘auore.
1073 835 1305 920 reprelienditur
1334 855 1410 900 saue
1440 833 1495 898 lioc

213 942 274 1007 loco
307 941 473 1025 Vcrpilium
505 943 586 1024 quai
615 944 783 1025 improprie
819 943 874 1007 lios
906 963 1012 1007 uersum
1026 943 1175 1006 Ἠοταεαά
1206 942 1401 1034 transtulerit
1430 938 1493 1004 καλ

210 1041 287 1112 τότ’
317 1041 529 1132 Ὀδυσσῆος
565 1043 657 1112 λύτο
689 1045 883 1131 γούνατα,
920 1046 985 1112 καὶ
1017 1051 1137 1131 φίλον
1168 1037 1280 1132 ἦτορ,
1316 1041 1529 1130 ὀχθήσαςῡ

99 1162 101 1165 ’
211 1147 243 1216 ‹t'
269 1149 343 1237 ἄρα
366 1149 449 1219 εἴτε
471 1151 567 1236 πρὸς
594 1146 640 1217 ὃν
668 1149 919 1238 μεγαλήτορα
947 1150 1088 1237 θυμόν.
1133 1175 1209 1219 uam
1237 1153 1413 1220 ‘solouutar
1437 1153 1495 1233 fri-

207 1280 281 1340 pore
302 1258 451 1326 menbra'
481 1261 566 1342 leupo
587 1260 677 1324 aliud
701 1265 757 1344 est,
780 1281 875 1342 quam
902 1253 983 1325 λύτο
1013 1256 1177 1343 γούναταε
1205 1266 1234 1326 et
1262 1260 1412 1342 ‘duplices
1435 1264 1495 1322 tcu-

210 1366 284 1429 deus
306 1367 349 1430 au
369 1367 473 1430 sidera
490 1366 616 1447 palmae
639 1367 718 1431 talia
739 1387 807 1432 voce
829 1364 937 1446 refert'
960 1367 1065 1450 malle,
1087 1387 1157 1431 acm
1174 1367 1256 1431 illud
1277 1368 1378 1448 mapis
1395 1366 1495 1430 altum

210 1475 239 1534 ct
255 1469 392 1535 heroicae
403 1491 554 1552 personae
566 1469 650 1553 πρὸς
664 1464 705 1568 ia
719 1468 928 1557 μεγαλήτορα
942 1469 1065 1556 θυμόν.
1099 1477 1259 1554 praeterea
1273 1474 1341 1552 quis
1358 1473 1493 1536 iutercliu

213 1597 326 1642 mauus
348 1579 392 1642 au
412 1578 516 1642 sulera
539 1579 629 1658 tollit,
652 1583 708 1642 aut
730 1581 800 1660 quis
822 1581 866 1644 ad
886 1580 1004 1644 caelum
1026 1599 1155 1644 maulim
1174 1580 1297 1644 audeus
1318 1599 1382 1642 uou
1404 1578 1544 1643 alludia
1575 1641 1578 1648 .

206 1689 352 1767 precatur
368 1686 488 1769 potius,
509 1706 604 1766 uuam
626 1687 702 1759 llicit
725 1684 758 1750 ‘o
777 1691 877 1769 terque
894 1691 1059 1768 quaterque
1081 1685 1200 1750 beati'?
1223 1689 1251 1749 et
1272 1684 1325 1750 ille
1346 1685 1433 1748 iutra
1455 1705 1495 1768 se,
1535 1731 1540 1737 -

213 1812 251 1856 ue
273 1791 443 1856 exaudiam
464 1793 540 1856 sccii
557 1797 587 1856 ct
604 1793 772 1856 timidiores
790 1792 995 1874 despondeant
1012 1794 1132 1876 auimo,
1149 1791 1199 1856 lic
1217 1811 1284 1854 vcro
1302 1790 1495 1871 vociferatur.

302 1897 355 1962 93.
387 1914 536 1962 meeum
564 1920 631 1963 non
658 1902 793 1982 propter
820 1903 960 1964 mortem
988 1899 1140 1984 ingemit,
1167 1897 1314 1982 sequitur
1343 1897 1429 1962 enim
1459 1895 1494 1962 ‘c

214 2009 328 2088 terque
351 2007 529 2090 quaterque
553 2002 668 2088 beati',
691 2005 747 2070 sed
768 2009 903 2090 propter
922 2005 1037 2070 mortis
1057 2025 1168 2091 genus.
1213 2024 1311 2089 grave
1335 2003 1421 2068 enim
1445 2007 1496 2067 est

212 2111 387 2176 secundum
410 2109 592 2176 Homerum
619 2111 725 2194 perire
748 2111 933 2196 naufragio,
963 2111 1039 2196 quic
1063 2111 1172 2178 enimc
1194 2111 1291 2195 ignee
1314 2114 1421 2174 estet
1444 2131 1495 2173 ex·
1516 2127 1548 2176 16

214 2218 337 2302 stingui
370 2217 498 2283 videtur
531 2218 565 2282 in
597 2217 693 2300 muri,
725 2216 758 2281 id
787 2218 836 2282 est
865 2216 1025 2284 elemento
1058 2214 1230 2284 contra'rio.
1321 2231 1494 2282 uveulcus
1547 2237 1568 2278 ο

212 2325 305 2407 duce,
327 2323 502 2388 secuudum
526 2345 648 2388 morem
673 2323 851 2408 antiquum.
895 2345 973 2389 nem
996 2321 1141 2412 duplices
1165 2325 1245 2390 duos
1268 2323 1434 2406 dicebant,
1460 2326 1496 2386 ut

203 2430 275 2514 ¹hoc
299 2431 384 2514 loco,
408 2435 440 2496 et
463 2431 559 2495 binos
582 2430 677 2514 duce,
705 2433 739 2495 et
761 2433 916 2515 utresque
939 2453 998 2515 pro
1026 2435 1214 2516 utrumque,
1243 2433 1279 2494 ut
1302 2427 1415 2496 Cicero
1437 2428 1495 2493 bi·

122 2531 126 2536 *
211 2557 279 2602 nos
303 2536 505 2622 habebam,
527 2537 640 2602 iubeo
664 2537 788 2620 promi
819 2541 1013 2623 utrosque.
1058 2539 1138 2604 item
1162 2535 1336 2603 Sallustius
1360 2558 1433 2600 cum
1457 2536 1495 2600 de

212 2643 336 2709 duobus
356 2643 542 2728 loqueretur
559 2644 599 2708 hi
621 2642 776 2727 utrique
800 2643 845 2708 cd
868 2644 999 2711 urbem
1023 2645 1284 2729 imperatores
1309 2646 1428 2708 erent.
1514 2661 1548 2708 eo

212 2775 328 2814 emm
348 2771 462 2815 clauus
483 2753 650 2834 apicellae.

302 2857 354 2920 94.
388 2882 472 2922 reem
499 2881 569 2922 uoce
587 2883 703 2924 eurum·
716 2859 844 2940 profert.
874 2857 938 2922 ‘re'
956 2858 1102 2924 mundat.
1135 2858 1212 2923 alili
1230 2855 1354 2937 ‘refert'
1373 2875 1494 2938 respou-

212 2963 274 3047 oet,
297 2968 332 3028 ut
353 2964 466 3028 Auua
487 2964 612 3045 refert.
658 2966 702 3030 sic
725 2966 760 3029 iu
782 2966 996 3032 cousuetudine
1021 2966 1171 3031 elicimus:
1196 2965 1249 3030 ille
1271 2963 1349 3029 mili
1371 2961 1496 3027 rettulit.

304 3086 325 3135 0
349 3088 490 3148 uuRQvu
515 3087 727 3148 QvATuRQvu
757 3071 790 3135 id
813 3075 864 3135 cst
886 3070 1028 3154 saepius3
1055 3071 1165 3136 finitus
1188 3063 1424 3154 numerue‘pro
1448 3069 1495 3131 in·

213 3175 315 3241 finito.
367 3181 396 3241 et
425 3179 470 3242 sic
500 3179 601 3261 erupit
631 3179 667 3242 iu
697 3198 796 3244 uocem
827 3198 896 3242 cum
927 3177 1030 3243 dolare
1060 3178 1217 3244 Homerus
1247 3175 1318 3264 τρὶς
1350 3171 1494 3260 μάκαρες
1513 3193 1547 3242 26

215 3280 346 3347 Δαναοὶ
379 3281 434 3348 καλ
466 3279 629 3368 τετράκις,
649 3287 698 3366 Ιοἳ
717 3277 794 3352 ,τότ’
829 3279 958 3349 ὄλοντο.
1002 3290 1036 3349 ct
1061 3285 1116 3349 lucc
1140 3287 1336 3368 principium
1368 3283 1495 3364 quidam

214 3389 380 3472 acephalon
402 3391 521 3469 dicuat,
548 3410 618 3454 cum
645 3389 779 3472 iutellcpi
805 3390 920 3474 debeat,
948 3391 1048 3453 multu
1075 3410 1144 3454 eam
1170 3391 1257 3454 iutra
1284 3411 1316 3456 se
1342 3391 1495 3472 copiuuse,

213 3500 364 3577 postremo
386 3497 422 3561 iu
443 3495 517 3562 hacc
539 3497 681 3580 erupisse.

286 3715 302 3760 2
330 3707 480 3780 Homerus]
509 3707 540 3762 ll.
570 3708 609 3762 IX
637 3713 688 3763 164
715 3709 725 3777 ΙΙ
751 3716 769 3763 4
797 3707 924 3780 Homeri]
953 3707 1003 3763 Od.
1032 3707 1057 3762 V
1081 3713 1142 3763 406.
1178 3707 1213 3762 cf.
1236 3707 1359 3763 Macrob.
1390 3706 1494 3762 Salv

214 3785 244 3846 3,
265 3785 281 3832 9
303 3780 313 3848 ΙΙ
342 3783 374 3832 18
398 3779 507 3850 Cicero]
533 3778 563 3832 iu
586 3779 664 3833 Vcrr.
689 3781 742 3834 act.
766 3780 995 3850 nee.1v14‚3u
1024 3781 1033 3850 l
1062 3786 1094 3833 19
1119 3777 1279 3851 Sallustius]
1305 3779 1365 3834 cu
1385 3784 1468 3847 30,4
1493 3781 1494 3863 l

213 3856 247 3903 21
272 3869 374 3904 mm
397 3867 496 3905 munus
519 3849 677 3920 explicitae]
707 3849 741 3905 cl.
765 3851 829 3904 leid.
854 3851 924 3921 orig.
944 3851 982 3904 XI
1003 3856 1030 3918 1,
1050 3855 1083 3903 69
1111 3850 1121 3917 ΙΙ
1148 3855 1181 3903 23
1201 3850 1294 3921 Anne]
1319 3853 1350 3905 A.
1376 3849 1414 3903 IV
1434 3857 1465 3902 31
1487 3895 1494 3918 γ

214 3926 249 3973 26
267 3919 417 3992 Homerue]
438 3921 488 3976 Od.
508 3922 533 3976 V
552 3926 604 3976 306

288 4123 303 4170 2
328 4118 405 4186 δῶρα
428 4115 481 4188 μὲν
500 4112 551 4171 οάκ
571 4111 614 4171 ἔτ’
635 4111 738 4172 ὀνοστὰ
763 4117 944 4186 (11111104)
969 4135 1038 4186 quae
1060 4119 1113 4172 leuc
1135 4133 1192 4172 uon
1210 4118 1348 4186 pertiucrc
1371 4123 1495 4185 apparel,

215 4187 252 4242 F.
271 4187 420 4243 Sclcoclliue
442 4191 555 4242 coniecit
578 4190 615 4244 acl
640 4188 769 4242 ‘murum
791 4205 840 4242 uec
862 4189 989 4258 epum’,
1017 4207 1087 4258 qum
1114 4189 1195 4242 cerba
1218 4187 1329 4242 Seruius
1357 4189 1395 4242 ad
1416 4205 1440 4242 o.
1461 4194 1492 4242 ll

216 4260 326 4325 laudat,
355 4262 496 4328 adempta
522 4261 609 4327 fuisse
635 4265 660 4314 ct
687 4277 777 4314 errore
804 4261 844 4314 uel
872 4262 984 4314 librarii
1008 4262 1128 4314 alicuius
1155 4261 1196 4314 ccl
1219 4261 1277 4314 ciue
1299 4261 1348 4328 qui
1370 4261 1496 4327 Scioppii

217 4331 386 4385 collaticium
404 4331 533 4386 Dauiclie
551 4331 646 4385 Seruio
665 4331 817 4400 adaptabat
835 4332 888 4384 liuc
906 4333 997 4386 delata
1015 4349 1076 4386 csse.
1097 4333 1107 4400 ss
1130 4329 1234 4385 odiesic
1254 4329 1277 4384 0
1296 4335 1306 4400 l
1333 4337 1349 4384 9
1368 4330 1429 4384 fixit
1449 4329 1489 4400 C,

216 4395 369 4470 δόχθίσας
389 4401 412 4454 C
431 4405 441 4470 ΙΙ
465 4409 480 4456 t
504 4401 607 4472 frigore
626 4402 718 4457 soluta
736 4402 865 4456 membra.
882 4401 904 4456 C
924 4406 934 4471 ΙΙ
958 4410 971 4457 7
992 4425 1024 4456 uc
1043 4422 1120 4456 uveu.
1140 4423 1164 4456 τ.
1183 4421 1218 4454 κο
1239 4423 1259 4456 e.
1279 4420 1380 4455 ecimus
1400 4423 1427 4457 .1.
1448 4399 1489 4454 θ’

217 4477 250 4525 12
274 4472 381 4527 animos
406 4475 500 4526 malim
523 4476 533 4541 l
561 4479 593 4526 13
618 4474 655 4526 acl
676 4490 700 4526 ο.
721 4479 754 4526 93
778 4474 900 4542 Ingemit
926 4473 1052 4543 duplices
1092 4473 1161 4526 duae
1186 4515 1191 4527 .
1217 4514 1223 4526 .
1248 4515 1255 4529 .
1279 4472 1417 4528 dicebant.
1443 4438 1489 4540 Pl

217 4549 248 4596 16
272 4541 402 4598 uideatur
425 4545 457 4596 K
481 4545 491 4614 l
517 4544 547 4597 id
570 4545 613 4598 cst
635 4544 774 4598 elemento
798 4543 935 4599 contrario
959 4561 1009 4603 cm.
1088 4545 1098 4612 [Ι
1126 4544 1277 4610 contuitio,
1308 4545 1341 4596 ut
1364 4543 1413 4610 (VI
1432 4547 1494 4608 610)

218 4613 332 4683 ‘igneus
356 4619 398 4670 eet
421 4614 486 4669 ollis
507 4615 614 4684 uigor’.
634 4615 663 4668 D
685 4616 696 4684 ΙΙ
724 4622 755 4669 17
775 4614 844 4670 duce
867 4615 999 4670 dicebant
1020 4616 1133 4684 scripsi:
1156 4615 1226 4668 duee
1249 4615 1381 4668 dicebant
1404 4615 1469 4668 libri
1488 4627 1495 4682 χ

217 4691 250 4738 22
271 4687 308 4738 ad
325 4703 349 4740 ν.
370 4693 405 4740 94
424 4686 505 4740 Talia
523 4703 593 4740 uoce
611 4684 707 4757 refert]
729 4687 842 4755 profert.
885 4702 914 4740 re
935 4686 1079 4741 habundat
1097 4729 1103 4740 .
1124 4726 1130 4739 .
1151 4727 1157 4739 .
1176 4702 1227 4754 pro
1245 4684 1354 4739 infinito
1373 4686 1494 4754 ponitur.

217 4757 245 4808 P
261 4759 271 4824 ΙΙ
294 4763 327 4810 23
347 4760 379 4812 ut
397 4756 479 4812 initio
499 4757 546 4814 lV.
566 4757 678 4810 Aeneid.
698 4755 803 4811 Dauiel
820 4758 830 4825 ΙΙ
847 4757 876 4810 in
895 4757 1093 4812 cousuetudine
1113 4755 1153 4810 cic
1173 4755 1223 4826 ΟΙΙ
1246 4763 1281 4810 24
1300 4775 1420 4817 vceeeve
1439 4757 1471 4811 K
1487 4759 1495 4824 l

216 4844 266 4896 pro
289 4827 399 4882 infinito
423 4828 537 4897 ponitur
556 4827 628 4881 0⁶1>
648 4829 658 4897 ΙΙ
680 4827 798 4882 infinito.
835 4828 950 4892 Homeri
973 4835 1017 4886 cet
1039 4828 1073 4882 dc
1098 4828 1197 4896 Ulyeee
1221 4828 1283 4896 (Ol.
1308 4828 1332 4882 V
1351 4831 1414 4898 306)
1438 4827 1495 4898 τρλς

215 4895 341 4970 μάκαρες
360 4941 366 4955 .
382 4940 388 4952 .
405 4943 410 4956 .
430 4902 566 4968 φέροντες
584 4900 614 4952 1)
