3626 5558
537 425 650 482 oonu.
670 427 709 481 m
728 401 836 482 vena}
856 426 940 482 Anu.
959 426 1006 482 111.
1026 432 1175 482 ese-ros.
1428 426 1493 490 393

304 590 378 655 287.
416 614 554 656 rosrrsrs
576 615 722 656 sorersrs
743 615 811 656 meo
830 591 975 673 propina·
997 591 1052 674 fiai
1074 591 1157 654 enim
1179 591 1261 655 dona
1283 591 1494 669 (imminuat

214 697 282 780 <IX
304 695 391 780 406>
413 716 522 762 soora
552 697 601 760 od
627 697 789 779 fostiqia
819 695 907 776 sini.
937 701 966 760 et
992 697 1148 762 soiendrrm
1175 697 1256 760 irater
1283 701 1423 762 sumans
1446 716 1494 762 ros

214 806 309 870 cuam
330 804 413 868 donc
435 823 509 881 esse,
532 804 612 868 sient
632 805 667 868 in
690 803 778 868 libris
799 823 958 868 sanorum
981 802 1146 886 invenitur,
1168 823 1246 885 quoe
1269 803 1389 867 tamdiu
1411 803 1493 868 dorsa

216 912 278 978 dici
294 916 435 994 maurit,
457 911 607 993 quamdiu
628 929 691 975 nou
709 909 934 992 profanentur:
957 910 1016 974 rite
1038 930 1107 992 eryo
1129 909 1254 974 diceudo
1269 907 1403 974 ‘Aornos
1420 907 1493 976 hooc

215 1021 252 1084 de
274 1018 401 1084 Danais
422 1015 585 1082 metentur
607 1014 714 1082 ornro'
738 1017 867 1082 ostendit
888 1018 1019 1098 clupeum
1040 1037 1129 1098 queem
1151 1017 1230 1100 douo
1253 1016 1402 1082 obtulerat
1423 1027 1525 1081 como

212 1129 373 1191 seerotum.
402 1124 558 1188 sciendum
576 1129 678 1188 Imnon
695 1122 776 1188 huno
798 1123 928 1206 clupeum
950 1123 989 1188 ab
1012 1123 1118 1187 Aureo
1139 1124 1225 1204 opud
1246 1121 1493 1188 Saurotirrooiurn

214 1235 250 1298 in
273 1231 382 1314 templo
405 1234 621 1314 consumatum,
643 1231 725 1312 meod
740 1235 833 1312 poeta
849 1251 909 1313 per
931 1232 1098 1296 transitum
1120 1231 1225 1314 comt.
1314 1247 1387 1294 nnn
1411 1245 1492 1294 can·

213 1357 304 1406 ulna
328 1353 433 1411 amno
457 1336 557 1403 ‘rem'
581 1339 706 1420 votum,
734 1336 766 1400 id
790 1341 841 1402 est
863 1336 1074 1403 voluntatem.
1120 1333 1283 1402 ‘carmine'
1306 1342 1409 1402 autem
1431 1338 1491 1420 epi·

212 1450 393 1531 qrammcte.
440 1448 474 1509 et
502 1443 668 1510 sciendum
696 1465 826 1510 carmen
853 1444 918 1510 dici
946 1443 1098 1530 quicquid
1126 1443 1262 1528 pedibus
1293 1444 1492 1510 continetur:

213 1575 289 1618 nam
320 1557 353 1617 et
383 1551 436 1616 hic
466 1573 565 1614 unum
595 1572 725 1616 versum
754 1571 884 1616 carmen
913 1551 1009 1636 dixit,
1046 1555 1079 1615 et
1106 1550 1142 1615 in
1167 1550 1322 1616 bucolicis
1345 1550 1423 1634 duo5
1456 1553 1493 1614 ut
1514 1560 1546 1610 10

213 1660 364 1726 tumulo
395 1656 646 1742 superaddite
676 1679 841 1741 carmen,
873 1657 1049 1742 Daphnis
1083 1678 1151 1744 ego
1184 1657 1223 1721 in
1255 1656 1369 1722 silvis
1402 1657 1493 1722 hinc

213 1788 336 1852 usquc
365 1766 410 1830 ad
439 1763 567 1829 sidera
594 1767 724 1849 notus,
751 1764 913 1830 formosi
939 1764 1094 1850 pecoris
1122 1768 1255 1830 custos
1283 1762 1493 1830 formosior

217 1895 316 1958 ipse.

303 1980 379 2046 288.
415 1996 462 2043 nn
486 1994 616 2044 nnuma
640 1995 849 2046 vroronrnvs
879 1977 992 2043 imisio
1017 1982 1081 2062 est,
1113 1981 1150 2044 ut
1178 1977 1232 2062 <11
1256 1979 1342 2062 368>
1370 1978 1492 2044 vieto·

214 2109 352 2172 resque
383 2085 524 2151 cadunt
555 2084 691 2150 Danai.
737 2083 891 2153 subaudis
920 2088 1028 2149 eutem
1052 2083 1160 2150 ‘arma
1188 2083 1415 2170 consecravit’,
1448 2085 1494 2152 uel
1512 2095 1545 2144 15

209 2195 322 2276 posuit.
358 2213 433 2258 sone
451 2192 501 2257 bio
520 2189 643 2256 ‘orum'
662 2192 791 2274 ornum
809 2193 918 2276 sotum,
940 2195 976 2256 ut
993 2191 1044 2274 <X
1060 2192 1146 2276 841>
1164 2197 1204 2257 at
1221 2193 1384 2260 Lausum
1401 2194 1493 2258 socii

213 2301 419 2366 exanimem
440 2319 550 2381 super
572 2319 677 2363 ormo
696 2298 879 2380 terebant.

304 2405 377 2472 289.
414 2431 564 2479 urrunnun
585 2432 648 2474 rrn
666 2431 778 2474 rorrrs
804 2406 839 2471 id
859 2411 903 2472 est
925 2411 995 2488 post
1017 2406 1247 2472 insultationem
1269 2407 1419 2472 carmims
1442 2427 1493 2474 uc·

216 2514 349 2580 cessario
370 2514 477 2578 statim
496 2514 587 2596 fucit.

303 2622 378 2686 291.
415 2637 538 2686 Amaras
562 2638 672 2687 Ancus
696 2621 729 2684 id
752 2622 803 2685 est
826 2619 921 2684 altas.
1030 2637 1222 2686 ruhnhcvu
1245 2617 1422 2706 Corcyram
1445 2623 1491 2688 in·
1510 2631 1545 2681 20

214 2729 319 2794 sulam
347 2726 441 2811 dicit,
469 2726 567 2792 sitam
595 2726 681 2791 inter
703 2725 842 2809 Epirum
866 2729 900 2790 et
923 2724 1124 2809 Calabriam,
1151 2726 1208 2791 ubi
1231 2727 1382 2811 regnarit
1404 2727 1492 2794 Alci-

214 2857 305 2919 uous,
327 2853 422 2917 quom
444 2834 638 2898 inminuerunt
660 2832 822 2898 Phaeacas.
882 2887 887 2896 .
947 2849 1191 2904 ansconmmvs
1213 2833 1363 2899 nauticus
1386 2856 1492 2901 sermo

215 2945 273 3007 est
305 2961 383 3006 sana
406 2940 491 3005 mira
514 2961 591 3005 usus
610 2943 661 3005 est
680 2938 856 3022 celeritate,
879 2942 916 3003 ut
934 2943 1009 3004 ante
1029 2937 1254 3005 absconditam
1273 2962 1370 3026 quam
1390 2941 1493 3006 visam
1607 2933 1611 2940 ’

214 3048 358 3113 insulam
381 3045 509 3112 diceret

306 3153 379 3219 292.
421 3169 606 3231 eonrvovn
640 3169 786 3218 svnruvs
821 3169 976 3218 onnonro
1009 3156 1047 3218 ut
1079 3152 1165 3237 <VII
1191 3154 1262 3218 161.
1300 3153 1381 3220 VIII
1408 3154 1491 3238 125>
1510 3163 1545 3212 es

216 3260 384 3326 subeunt
406 3280 525 3324 muro:
548 3280 625 3323 nam
648 3259 676 3323 si
695 3257 894 3325 ‘Chaonios'
917 3260 1046 3345 legeris,
1068 3282 1132 3326 non
1151 3258 1327 3340 ‘Chaonio',
1351 3259 1493 3325 difficilis
1560 3335 1581 3354 .

217 3371 268 3432 cst
291 3365 429 3450 scannia,
451 3386 515 3430 non
538 3364 667 3430 excluso
691 3364 749 3430 ἐἴ

305 3473 379 3538 193.
415 3488 595 3536 nvrunom
619 3487 738 3536 vunnu
762 3471 795 3536 id
819 3473 870 3536 est
888 3470 1108 3555 Buthrotium,
1131 3475 1168 3537 ut
1187 3472 1326 3557 <Ι144>
1345 3472 1494 3540 fontem

217 3579 375 3645 Timavi.
408 3577 489 3643 haec
513 3583 620 3644 cutem
646 3579 760 3644 civitas
785 3580 836 3643 est
859 3577 893 3642 in
916 3578 1029 3662 Epire,
1051 3579 1142 3643 cuius
1166 3601 1242 3662 pars
1266 3584 1317 3645 est
1336 3578 1493 3664 Chaonia,

217 3709 298 3771 quae
331 3690 407 3752 ante
439 3685 595 3750 Molossia
627 3685 714 3750 dicta
748 3689 806 3750 eat.
910 3711 1059 3752 crrnnorr
1081 3689 1191 3768 recen]
1223 3685 1375 3766 Hebrus,
1406 3688 1493 3770 filius
1512 3695 1546 3745 30

289 3868 319 3916 11
339 3861 461 3931 tumulo]
481 3860 544 3915 buc.
563 3860 588 3914 V
607 3865 641 3914 41

217 3971 430 3981 --

292 4027 304 4075 1
325 4021 380 4091 fige
400 4021 430 4075 F
447 4023 457 4092 l
480 4028 496 4075 1
516 4021 570 4074 fixa
590 4019 620 4074 F
637 4023 647 4090 11
666 4027 682 4074 3
702 4019 780 4074 Libri
799 4035 949 4076 sacrorum.
978 4020 1122 4076 sciendum
1140 4021 1214 4076 inter
1233 4039 1325 4078 sacras
1344 4039 1387 4078 res
1406 4022 1493 4078 ctiam

218 4092 293 4147 dona
311 4108 372 4146 esse
391 4109 462 4161 quae
480 4094 538 4145 tam
559 4091 606 4144 diu
626 4091 700 4146 dona
714 4107 772 4145 osae
786 4093 904 4173 possunt
917 4107 1000 4160 qnam
1016 4091 1064 4146 diu
1077 4111 1134 4148 non
1147 4091 1336 4162 profanentur.
1355 4093 1487 4162 Ambrosl

219 4171 235 4218 6
254 4165 325 4231 aput
342 4161 559 4218 Samothratiam
580 4162 631 4230 Fl
649 4167 665 4216 8
684 4162 801 4226 carmini,
820 4165 912 4217 autem
933 4163 1132 4232 epigrammati
1151 4163 1209 4218 Fa
1229 4167 1239 4232 1
1263 4169 1296 4218 10
1315 4163 1385 4219 dicit
1404 4163 1468 4219 GM
1484 4172 1487 4231 1

222 4241 250 4287 11
273 4233 338 4287 hinc
358 4275 364 4287 .
385 4275 391 4288 .
412 4275 417 4288 .
437 4234 496 4302 ipse
515 4250 564 4288 orn.
586 4233 630 4303 01
643 4233 697 4286 huc
717 4233 768 4302 FI
783 4240 815 4288 16
835 4234 938 4304 solum]
959 4235 1056 4289 dicunt
1074 4236 1137 4290 odd.
1153 4236 1257 4290 Daniel
1269 4237 1279 4305 l
1292 4235 1329 4289 ad
1343 4233 1395 4306 Fu
1410 4241 1442 4289 18
1457 4237 1494 4290 ad

220 4303 345 4372 linquere
369 4306 429 4358 tum
453 4305 728 4372 nortmannorum.
748 4304 777 4358 id
797 4307 924 4373 estpost
945 4304 1154 4360 insultationem
1181 4305 1312 4362 carminis
1336 4307 1493 4362 necessario

220 4374 316 4429 statim
336 4374 410 4444 fugit
430 4375 522 4444 Τ111
543 4375 747 4499 1111τῦ10111
766 4374 825 4429 FO
835 4378 845 4444 11
859 4375 1031 4447 Calabriam]
1050 4377 1194 4432 uetercum
1215 4376 1245 4431 F
1256 4377 1361 4432 Daniel
1379 4383 1403 4432 et
1418 4377 1494 4432 Gom-

215 4447 331 4500 mcliuus
353 4449 484 4515 uegetum
500 4445 529 4501 0.
554 4447 608 4516 tene
648 4447 763 4500 eretum
784 4448 818 4512 cs.
835 4446 927 4502 Strob.
943 4464 973 4515 p.
989 4455 1039 4502 281
1055 4453 1080 4502 et
1093 4447 1173 4503 Ptin.
1187 4454 1244 4504 not.
1259 4449 1319 4502 hist.
1336 4448 1404 4514 1115
1420 4447 1494 4518 1011

217 4516 257 4571 ibi
277 4516 309 4571 F
327 4518 337 4584 1
359 4516 505 4571 alchinons
525 4515 654 4571 FULM
675 4519 685 4586 1
708 4523 741 4571 11
761 4535 845 4586 quam
864 4517 1040 4573 incoluerunt
1058 4519 1198 4574 Phaeaces
1216 4520 1278 4574 trab.
1298 4520 1322 4575 0
1341 4521 1351 4588 1
1373 4525 1408 4574 13
1427 4535 1494 4574 sane

218 4587 302 4659 mira]
322 4587 440 4641 etenira
457 4588 528 4642 bene
548 4588 606 4642 FC
631 4591 661 4642 et
678 4589 750 4642 mira
769 4589 806 4642 M
832 4604 899 4655 Q
919 4592 947 4643 et
965 4589 1036 4644 mira
1054 4589 1365 4657 Ε11θηοιιεὶιαοηὶο
1385 4591 1494 4646 anem

217 4659 336 4714 chaonio
356 4657 407 4726 Fl
421 4665 453 4724 11
472 4676 528 4713 non
546 4661 608 4714 hob.
628 4659 833 4727 OStepbanus,
851 4659 1002 4714 Fabricium
1015 4663 1025 4728 1
1038 4661 1149 4715 encloso
1169 4661 1213 4730 01
1226 4661 1337 4716 excluso
1356 4660 1381 4732 s]
1401 4661 1494 4716 exclu-

218 4747 263 4783 sus
282 4730 340 4800 Η1
363 4737 397 4785 18
421 4731 574 4784 arrsomC
601 4750 713 4784 surram
739 4731 774 4784 M
791 4730 801 4812 11
824 4731 978 4785 butrotium
998 4731 1021 4786 0
1044 4731 1219 4800 bythrotium
1237 4732 1262 4786 L
1289 4732 1443 4788 butrotinm
1461 4750 1495 4786 oa

218 4801 374 4856 butrntinm
395 4802 622 4871 11111911οω1
639 4801 673 4854 H
698 4801 818 4856 choome
835 4819 868 4856 eu
887 4801 1007 4856 chaonia
1027 4803 1063 4856 M
1075 4803 1086 4872 1
1099 4809 1135 4857 30
1154 4803 1272 4859 molosia
1285 4803 1348 4857 LH
1364 4801 1495 4858 molossia

218 4888 251 4926 ero
270 4871 405 4926 molnssia
424 4873 461 4926 M
472 4871 483 4940 1
496 4871 618 4928 Helenus
692 4871 836 4927 decrescat
853 4873 885 4926 in
902 4889 987 4943 mora.
1010 4873 1041 4927 Τ.
1070 4891 1105 4930 en
1122 4874 1493 4946 representantem...
