3604 5552
533 485 644 541 001111.
665 485 705 540 ΙΝ
725 485 831 540 vene.
851 485 934 541 AEN.
954 488 975 540 1.
995 491 1143 540 313-318.
1416 483 1479 546 115

199 649 406 714 multitudine
426 649 561 714 collecta
584 650 738 714 liberavit
757 649 904 734 celerina,
929 672 1026 734 quam
1045 649 1084 714 de
1103 649 1224 713 femina
1246 652 1356 732 potest
1379 649 1479 713 credi:

199 757 285 821 unde
309 760 341 821 et
364 756 499 821 flumina
522 757 641 820 dieitur
665 756 831 820 eeleritate
854 757 1020 821 transisse.
1063 756 1201 820 multum
1225 761 1334 819 autem
1358 755 1480 840 epithe-

199 866 257 926 ton
279 863 420 928 fluminis
445 863 513 928 eius
537 862 661 926 addidit
683 862 780 927 laudi.
871 865 1055 943 umalama]
1084 864 1211 944 qnidam
1238 885 1259 926 a
1281 867 1372 944 notre
1395 862 1481 924 Har·-

193 969 320 1051 qoalyco,
343 969 397 1050 qai
414 991 469 1033 rea
483 969 740 1050 Amymoniorum
759 967 912 1033 Thraciae
926 970 1025 1051 ymtis
1040 969 1115 1051 sirit,
1134 970 1179 1032 ita
1197 971 1350 1033 nutritam
1367 970 1482 1054 cluunt,

199 1079 235 1138 ut
256 1077 320 1156 inse
343 1075 509 1140 Camillam
532 1096 554 1138 a
576 1075 700 1139 Metabo
721 1076 807 1156 facit.
847 1075 921 1140 lraee
937 1080 1030 1158 qratre
1046 1081 1175 1157 propter
1195 1077 1342 1157 ferociam
1365 1099 1384 1140 a
1409 1078 1480 1140 eloi·
1500 1089 1515 1138 0

200 1181 255 1244 bris
276 1182 369 1262 quim
397 1204 434 1246 ac
454 1187 562 1265 postea
589 1183 695 1260 occiso,
725 1183 808 1264 fnyit
834 1183 869 1246 in
895 1184 990 1246 siloas
1017 1188 1046 1245 et
1071 1183 1228 1247 omatibus
1256 1183 1483 1264 latrociniisque

199 1287 325 1352 eicardo
355 1289 401 1350 iter
427 1289 556 1367 efferata
583 1291 627 1352 est
653 1293 681 1352 et
710 1289 804 1353 liuius
831 1289 997 1353 uelocitatis
1024 1293 1053 1351 et
1079 1290 1214 1352 caercitii
1244 1289 1330 1369 facta
1362 1295 1417 1373 est,
1449 1295 1483 1354 ut

200 1393 298 1458 netto
321 1395 365 1458 ad
385 1396 487 1458 uicina
509 1395 631 1458 stabula
654 1401 757 1460 coacta
780 1397 887 1479 inopia
909 1397 1080 1460 denarraret
1097 1399 1125 1458 et
1146 1401 1235 1477 rupto
1252 1375 1484 1478 pecorum'fetu

200 1502 388 1583 insequentes
405 1503 498 1566 etrum
517 1502 629 1582 equites
647 1503 681 1564 in
704 1503 854 1566 eeleritate
875 1503 993 1566 uitaret.
1025 1503 1079 1566 sal
1095 1503 1227 1582 quodam
1251 1507 1381 1585 tempore
1397 1505 1484 1585 posi·

202 1610 242 1672 tis
263 1609 306 1672 acl
327 1610 460 1673 insidias
482 1629 641 1673 carnarium
658 1610 767 1691 quoyis
784 1613 874 1691 coqrta
892 1614 921 1672 et
937 1610 1035 1674 occisa
1053 1613 1104 1673 cst.
1143 1610 1232 1673 aeirus
1250 1615 1374 1673 mortem
1398 1611 1481 1674 nobi-
1504 1625 1535 1670 10

202 1715 303 1780 lilaeit
324 1737 429 1779 eorum
456 1717 567 1794 amires,
596 1717 651 1796 qui
678 1737 746 1779 earn
773 1717 960 1792 oceiderant;
988 1716 1094 1780 statim
1117 1717 1198 1778 enim
1221 1716 1256 1778 iu
1278 1717 1394 1780 uicinia
1416 1723 1484 1781 ortu

202 1825 349 1886 contuitio
381 1828 438 1900 est,
471 1824 557 1886 miris
586 1823 697 1903 fuisset
723 1822 839 1887 laedas
865 1843 954 1904 quem
981 1822 1159 1904 Harpalyce
1186 1827 1345 1905 renuant,
1376 1824 1423 1886 ita
1449 1829 1484 1886 ut

199 1931 290 2013 yraoi
315 1931 478 1994 cortamina
504 1951 568 1994 remi
594 1931 661 1995 sine
682 1929 833 2011 plurimis
859 1929 1008 1992 mortibus
1035 1929 1241 1994 dimicaretur.
1281 1934 1389 2010 postea
1416 1951 1483 1994 corr-

201 2037 327 2101 suetudo
340 2041 462 2100 seruata
475 2042 530 2116 est,
551 2041 587 2100 at
604 2037 647 2100 ml
665 2036 818 2100 turriculam
832 2036 963 2118 oiryinis
975 2035 1086 2116 poyndi
1105 2037 1298 2100 convenirent
1315 2041 1344 2099 et
1357 2042 1485 2118 propter

202 2143 406 2224 emulationem
429 2165 487 2226 qrer
510 2145 677 2226 imaylnem
698 2163 825 2224 pocynoc
846 2147 1066 2206 concurrerent.
1110 2143 1238 2223 qnidam
1261 2141 1340 2206 banc
1361 2147 1484 2224 putrem
1506 2157 1537 2204 10

202 2271 222 2312 0
251 2249 349 2328 Golia,
376 2255 412 2314 ut
437 2251 495 2313 alii
522 2251 629 2314 nollent
659 2271 679 2312 a
707 2247 960 2330 Myrmidonibus
991 2253 1113 2329 captiua
1142 2250 1263 2313 collecta
1289 2250 1485 2313 multitudine

202 2357 348 2421 arlsunnt
371 2357 544 2422 liberavisse
566 2357 704 2434 celerius,
727 2377 821 2438 qaam
844 2356 879 2420 cle
900 2355 1019 2436 [anina
1041 2357 1255 2438 credipotest:
1278 2357 1358 2419 rende
1378 2361 1406 2420 et
1427 2357 1485 2437 fla-

202 2465 291 2527 mina
313 2465 427 2528 elicitur
454 2465 603 2528 eeleritate
630 2464 785 2528 transisse.
886 2488 1038 2527 roamnsn
1054 2488 1179 2528 nsanru
1203 2463 1335 2526 millium
1364 2464 1485 2545 quidem

203 2571 305 2635 maelis
331 2571 458 2652 {lumini
480 2570 607 2654 epitheto
631 2571 768 2634 adlidit:
795 2570 848 2634 sed
871 2570 990 2649 salsum
1017 2575 1075 2645 est,·
1106 2590 1181 2632 uam
1208 2575 1253 2634 est
1278 2571 1486 2652 quietissimus

202 2678 295 2741 etiam
326 2697 395 2740 cnm
423 2697 480 2757 per
511 2677 639 2742 lumniam
670 2677 783 2742 crescit.
834 2681 879 2741 est
909 2681 1011 2740 aunem
1043 2678 1077 2740 in
1111 2675 1248 2740 lbraeia
1279 2681 1350 2741 ante
1381 2698 1486 2742 muros
1504 2691 1538 2738 20

204 2781 347 2865 Cypselae
364 2784 509 2867 multatis,
527 2785 564 2848 de
582 2785 655 2848 locis
671 2781 960 2864 amuisTlnuciae
978 2784 1114 2858 conane
1133 2783 1232 2847 dutus
1245 2788 1348 2847 autem
1361 2783 1486 2850 Hebrus

203 2891 242 2954 ab
265 2891 369 2955 Hebro
392 2891 489 2956 Hemi
515 2895 544 2954 ct
566 2889 726 2971 Itlrooloyes
752 2890 826 2970 filio.
917 2906 1189 2953 rnauvunrrrvn
1219 2889 1251 2952 id
1280 2894 1330 2954 est
1358 2890 1486 2956 transit

204 2997 337 3062 dicimus
370 2997 479 3073 autem
512 3001 545 3061 et
576 2997 756 3081 praevertit
793 2999 825 3060 et
857 2997 1074 3080 praevertitur
1105 3017 1191 3060 nova
1222 2997 1358 3062 ratione.
1408 3019 1486 3062 nam

204 3104 335 3188 passiva
365 3103 581 3169 declinatione
609 3103 731 3167 utimur
761 3104 795 3168 in
824 3103 930 3167 activa
957 3103 1209 3187 significatione,
1241 3107 1278 3168 ut
1307 3105 1370 3169 hoe
1399 3105 1485 3189 loeo;

200 3212 426 3293 praevertimur
453 3212 535 3275 enim
562 3231 631 3275 cum
657 3211 720 3292 ipsi
741 3211 911 3292 praeimus.
958 3232 1030 3274 eum
1053 3212 1160 3274 autem
1183 3211 1289 3275 activa
1312 3211 1485 3278 declinatio
1505 3225 1539 3274 25

205 3321 254 3381 est
284 3318 449 3400 passivam
481 3318 582 3383 habet
613 3317 900 3402 significationem,
933 3321 970 3382 ut
1000 3315 1072 3382 ‘ille
1100 3338 1151 3380 me
1178 3317 1382 3402 praevertit’.
1428 3320 1487 3384 alii

205 3423 428 3506 ‘ynaeomtitur'
442 3426 487 3490 sie
498 3426 636 3507 positam
650 3425 769 3504 oolcrret,
783 3430 819 3489 ut
831 3425 998 3490 bellante
1004 3445 1022 3486 r
1036 3425 1242 3489 Amazones
1249 3447 1310 3507 qno
1318 3430 1487 3508 praecutit

205 3537 234 3594 et
254 3531 375 3596 aornar.

293 3638 367 3702 318.
404 3655 547 3716 nunqua
575 3655 706 3704 vnaius
734 3657 781 3702 nn
809 3657 906 3704 noan
937 3641 973 3702 ut
1005 3639 1194 3735 ostendatur
1227 3661 1297 3704 esse
1329 3643 1486 3706 venatrix.

204 3903 242 3955 XI
262 3839 314 3957 sbi)
334 3830 451 3886 dicimus
476 3833 571 3885 autem
595 3849 617 3886 e.
634 3850 659 3900 q.
675 3831 709 3903 a]
734 3831 768 3885 ef.
793 3829 879 3884 Prisc.
900 3831 911 3882 l
935 3849 962 3900 p.
982 3837 1046 3900 402,
1073 3837 1104 3885 17
1128 3831 1162 3886 H.
1185 3832 1196 3900 ΙΙ
1218 3838 1252 3887 27
1276 3833 1429 3904 bellantur]
1453 3835 1485 3891 A.

276 4077 429 4133 arramire
448 4079 514 4133 BH
531 4081 662 4152 mytlroyr.
684 4083 694 4151 ΙΙ
717 4088 733 4135 3
752 4081 923 4150 Harpalyce]
949 4079 1072 4149 arpalieo
1093 4081 1168 4135 G‘P
1189 4083 1198 4151 ΙΙ
1221 4089 1238 4136 4
1257 4083 1487 4151 Amymoniorum

207 4148 281 4203 0*Ρ
305 4151 541 4218 Amymnaeorum
565 4152 749 4206 Burmannus
771 4169 804 4205 ea
823 4153 944 4222 Hyyino.
981 4153 1097 4218 sortasse
1119 4153 1327 4222 Amymnorum.
1349 4155 1358 4223 ΙΙ
1382 4163 1397 4206 0
1417 4156 1487 4210 haee

205 4223 286 4288 patre
306 4225 423 4290 propter
441 4222 586 4293 ferociam]
606 4224 640 4277 ab
659 4225 702 4277 liis
720 4224 807 4277 uubis
821 4225 921 4292 incipit
935 4225 1048 4292 quintus
1063 4223 1215 4278 Cossutiani
1230 4228 1380 4294 quaternio.
1395 4228 1405 4294 {l
1419 4231 1434 4280 8
1450 4227 1487 4281 ad

207 4290 254 4345 0²2
273 4309 306 4346 ac
327 4291 350 4346 0
370 4292 380 4361 ll
403 4297 501 4347 coacta
521 4293 567 4347 0¹:
587 4297 685 4348 coactu
706 4293 758 4364 011
780 4297 861 4363 rapto
880 4311 913 4347 aa
932 4297 1016 4362 raptu
1036 4293 1060 4348 O
1079 4297 1088 4364 ΙΙ
1110 4312 1259 4364 peccorum
1280 4298 1302 4351 l)
1323 4298 1333 4365 ll
1357 4298 1486 4352 100001-

205 4362 300 4416 litauit
319 4363 365 4416 0²:
385 4364 549 4418 noallitauit
568 4365 591 4419 U
611 4367 621 4434 ΙΙ
646 4373 676 4419 11
698 4383 759 4428 eam
780 4367 825 4419 {7⁹2
845 4381 909 4418 eum
930 4365 978 4434 011
1002 4372 1033 4418 15
1053 4365 1127 4420 hunc
1147 4368 1181 4420 0²
1198 4368 1239 4420 cel
1258 4367 1320 4436 0³11
1342 4369 1487 4422 16100101-

204 4433 314 4504 tudine]
334 4453 381 4487 mu
402 4434 436 4489 0²
455 4437 486 4489 in
504 4453 558 4490 ras.
582 4437 592 4504 ll
617 4443 648 4490 17
669 4438 907 4491 aeserunium
927 4436 961 4489 0³
983 4439 992 4506 ΙΙ
1017 4441 1048 4489 18
1074 4437 1186 4504 quidam
1208 4440 1230 4490 0
1250 4440 1260 4506 ΙΙ
1285 4445 1316 4492 19
1341 4439 1486 4508 epitheton

206 4505 241 4558 0²
255 4507 264 4574 [Ι
278 4511 311 4558 21
332 4506 444 4574 cypsale
464 4506 532 4560 satie
553 4507 643 4575 01122
664 4508 782 4576 rodopea
803 4508 849 4561 0²:
869 4508 988 4578 radossly
1009 4509 1032 4560 C
1050 4509 1131 4574 (dnae
1150 4510 1256 4562 litterae
1273 4527 1367 4564 erasm
1384 4517 1460 4577 sunt)
1479 4520 1487 4582 1,

205 4581 238 4628 23
258 4579 288 4629 et
306 4577 460 4644 praevertit
477 4595 526 4631 om.
547 4578 578 4630 K
584 4578 638 4632 ΟΡ
655 4581 754 4646 (simpl.
775 4577 819 4646 0³)
837 4581 847 4648 ΙΙ
868 4580 896 4632 et
913 4577 1055 4647 praeuerti
1074 4579 1104 4631 H
1121 4580 1231 4649 110410
1250 4597 1299 4634 om.
1320 4581 1416 4635 Onon
1436 4583 1463 4635 P
1478 4610 1487 4653 q

207 4645 441 4715 significationem
461 4649 493 4700 Κ
514 4648 681 4716 significatio
700 4649 727 4701 P
745 4651 755 4718 ll
778 4655 811 4702 25
836 4667 899 4702 eum
917 4648 973 4718 ipsi
991 4647 1132 4719 praeimus
1156 4650 1229 4704 enim
1248 4655 1315 4705 tune
1333 4653 1487 4721 praeuerti·

204 4735 267 4770 mur
293 4717 320 4769 P
336 4719 346 4786 ΙΙ
370 4723 403 4772 29
423 4720 460 4773 ad
478 4737 502 4773 o.
522 4724 573 4772 318
602 4719 644 4774 De
670 4721 757 4790 more]
784 4723 935 4774 venantum
961 4720 1078 4774 scilieet.
1116 4721 1258 4792 Habilem]
1285 4725 1382 4792 aptum
1409 4725 1487 4778 sexui

205 4788 423 4857 uniuscuiusque
442 4789 677 4858 (uninacasuque).
715 4789 828 4845 Comum
847 4790 1002 4846 diffundere
1021 4791 1205 4861 (defenderat
1232 4800 1263 4848 ut
1286 4794 1487 4850 diffunderetur

206 4858 434 4928 (defunderetur).
471 4877 575 4930 910000
602 4865 696 4915 autern
724 4861 814 4931 figura
841 4865 884 4915 eat
981 4863 1126 4918 talentum.
1151 4865 1179 4916 P
1197 4865 1206 4933 ΙΙ
1229 4884 1336 4926 araeve
1361 4889 1384 4923 v.
1409 4887 1435 4921 n.
1459 4885 1486 4922 u.

205 4929 285 4983 lili:
305 4949 420 4984 nicaenis
440 4933 466 4983 B
485 4951 592 4993 rasura
613 4932 637 4987 O
658 4953 763 4994 sarrana
783 4952 898 4988 annania
917 4953 952 4988 nu
971 4953 1041 4988 narra
1063 4935 1098 4986 bl

1237 5025 1274 5078 8*
