3638 5546
548 432 663 488 coum.
684 434 721 489 1N
743 435 850 490 vesu.
871 435 953 490 AEN.
974 435 1007 488 ΙΙ.
1028 440 1176 490 rea-eor.
1433 434 1496 500 331

215 598 323 679 tatae,
346 619 407 662 eece
429 597 484 662 hoe
505 602 549 662 est
567 596 705 664 ‘inuenio
723 599 886 664 admirans
902 597 1099 664 arr-merum’:
1122 599 1233 664 martti
1254 599 1327 664 atii
1350 621 1365 663 e
1385 599 1500 663 Troia

213 709 363 770 strenue
390 705 481 786 oiri,
508 704 629 769 aceti
655 711 730 772 sant
756 704 889 771 ‘animis
909 706 1055 789 parati':
1083 706 1146 770 abi
1171 707 1277 786 foras
1303 727 1381 772 eam
1407 727 1498 772 auro

215 812 299 877 iiiia
321 811 486 890 exibant,
510 833 572 876 ecee
593 817 622 876 et
644 811 766 894 ‘opttus
788 812 959 879 instruoti'.

304 919 377 984 798.
413 935 536 984 emmo
561 919 602 982 ad
626 919 758 984 exilium
785 920 853 984 aiii.
899 918 1048 985 Donatus
1077 921 1191 984 eontra
1218 923 1357 984 metrum
1387 921 1498 1002 sensit,

215 1026 323 1091 dicens
343 1025 394 1090 ‘ex
412 1025 496 1107 Ilio',
516 1025 610 1110 quasi
629 1025 668 1089 de
687 1025 766 1091 Ilio:
785 1049 861 1091 nam
881 1027 981 1112 longa
1000 1030 1058 1090 ert.
1127 1044 1338 1092 munemne
1358 1043 1496 1091 vaGvs
1517 1037 1532 1085 5

215 1153 371 1217 magnum
390 1137 441 1198 est
460 1133 544 1218 quod
565 1131 690 1198 addidit
711 1131 871 1218 ‘vulgus'.
900 1133 946 1198 sie
966 1131 1089 1198 Statius
1114 1134 1209 1199 unde
1232 1133 1304 1198 hoo
1328 1155 1498 1218 examen,

215 1245 254 1306 et
277 1263 349 1304 una
372 1243 432 1304 tot
454 1241 630 1305 miserae.

305 1347 378 1412 799.
421 1371 549 1420 vaniore
568 1373 740 1414 carrenses
765 1349 885 1414 maara
910 1349 965 1414 hoe
992 1349 1054 1414 ioco
1083 1355 1242 1430 tamquam
1270 1350 1408 1414 maniam
1431 1370 1498 1414 eon-

214 1475 305 1520 sensa
327 1475 455 1538 reanum
477 1456 521 1520 ad
541 1455 681 1520 Aeaeam
703 1475 764 1521 esse
783 1455 927 1523 delatum.
995 1474 1115 1522 munus
1140 1473 1337 1534 ormvsovn
1360 1459 1393 1520 et
1411 1455 1498 1520 role-

214 1562 295 1628 bant
319 1565 352 1628 et
374 1565 539 1646 poterant:
561 1563 608 1626 oet
628 1562 723 1643 fortes
740 1563 864 1644 pariter
885 1568 914 1627 et
937 1563 1055 1628 diuites.
1518 1575 1551 1622 ro

305 1671 379 1735 800.
416 1695 571 1736 usurasne
593 1695 705 1736 rennes
731 1670 820 1733 iuxta
855 1689 970 1734 morem
1006 1669 1185 1756 Raraunum
1221 1671 1328 1734 dodaci
1364 1669 1499 1734 alaniae

215 1777 401 1842 dicebantur.
451 1777 523 1842 bene
549 1798 619 1860 eryo
646 1779 682 1842 de
709 1778 814 1842 Aerwa
843 1777 925 1841 datr
951 1775 1134 1854 ‘deducere'‚
1164 1776 1246 1857 quod
1276 1777 1319 1842 eis
1346 1777 1498 1841 civitatem

216 1885 394 1950 condituras
416 1889 490 1949 erat.

304 1992 377 2057 801.
415 2008 567 2057 chleea
590 2007 674 2054 mne
694 1994 732 2054 ut
749 1990 899 2055 Troianis
920 1988 1056 2054 videtur.
1085 1989 1132 2053 sie
1151 1989 1230 2054 alibi
1248 1989 1324 2054 tibi
1348 1990 1498 2056 deserit

216 2097 412 2182 Hesperus
437 2097 574 2162 Oetam
600 2099 766 2163 secandam
788 2097 1020 2180 persaasiorrem
1048 2117 1167 2182 eoram,
1189 2097 1244 2180 qai
1272 2099 1355 2163 eirea
1382 2105 1498 2165 montes
1520 2113 1551 2160 15

215 2205 372 2283 habitan&
396 2205 488 2269 illino
512 2205 599 2278 enim
623 2203 701 2268 oriri
724 2203 776 2267 vel
800 2203 944 2268 occidere
963 2206 1120 2286 putantur
1144 2203 1263 2288 sidera,
1287 2205 1370 2270 unde
1394 2205 1498 2270 videri

215 2312 267 2377 vel
296 2312 471 2397 incipiunt,
499 2312 552 2376 vel
579 2311 740 2376 desinunt.
785 2310 841 2374 hoe
867 2315 911 2376 est
936 2314 1039 2374 auam
1066 2311 1148 2392 quod
1172 2311 1201 2375 ei
1229 2311 1329 2376 Venus
1351 2313 1499 2394 promisit

216 2419 325 2504 <620>
347 2439 548 2502 numeriam
571 2419 688 2483 atero.
722 2415 822 2481 Varro
844 2418 927 2480 enim
949 2417 997 2480 ait
1013 2416 1094 2482 trane
1115 2417 1236 2482 stettrm
1250 2417 1398 2502 Iareiferi,
1421 2441 1499 2501 qaae

221 2525 346 2592 Veneris
369 2527 495 2610 dieitur,
518 2525 558 2590 ab
576 2526 695 2602 Aeaea,
717 2525 809 2588 donee
831 2525 874 2588 ad
890 2523 1077 2590 Laurentem
1098 2545 1209 2608 watra
1233 2525 1360 2603 veniret,
1382 2545 1498 2608 amper

213 2636 326 2719 visam,
357 2638 386 2698 et
411 2638 576 2715 parmam
605 2633 755 2716 peruasit,
786 2631 884 2695 videri
916 2631 1055 2696 desiisse:
1092 2633 1173 2696 rina
1204 2637 1232 2697 et
1262 2633 1436 2713 peremisse
1466 2653 1498 2697 se
1516 2645 1550 2694 eo

214 2742 347 2823 aaaoed.
375 2741 446 2806 tene
468 2745 571 2804 autem
588 2744 680 2823 poeta
699 2739 859 2820 ditiaentia
881 2759 940 2803 sua
958 2739 1078 2803 dieram
1096 2737 1181 2802 toris
1198 2737 1248 2802 hie
1264 2758 1342 2819 qaae
1359 2743 1496 2820 aquator

214 2849 436 2926 accommodat·
465 2853 501 2912 at
526 2847 582 2912 hoe
609 2849 685 2930 loca,
712 2847 793 2928 quod
818 2847 855 2910 de
880 2847 991 2928 patria
1017 2865 1086 2910 arm
1107 2849 1200 2926 patre
1226 2849 1255 2907 et
1280 2843 1346 2926 fitia
1373 2846 1500 2910 duoedit

216 2955 352 3039 Aeeteos,
374 2956 423 3020 ait
444 2953 626 3039 ‘saraitatt

306 3062 379 3127 802.
416 3077 653 3137 avceueuova
677 3077 766 3124 meu
791 3059 866 3145 quia
889 3058 1017 3140 Lucifer
1040 3058 1119 3122 lucis
1144 3061 1195 3122 est
1217 3057 1378 3140 praevius.

291 3168 380 3246 1803.
419 3185 495 3234 oms
520 3167 643 3232 ferendi
666 3166 794 3250 auxilii3
817 3165 863 3230 vet
881 3167 925 3230 ad
941 3172 1049 3230 ceteros
1068 3166 1249 3250 liberandae,
1267 3167 1322 3248 qai
1339 3187 1402 3231 noa
1417 3167 1496 3247 fais·
1517 3179 1550 3226 25

214 3281 281 3342 seat
303 3277 409 3351 ooeisi;
432 3275 478 3340 ael
500 3277 543 3341 ad
564 3275 730 3340 mandam
753 3273 788 3338 de
810 3274 987 3355 captivitate
1002 3274 1154 3357 patriam,
1178 3274 1253 3354 qaia
1271 3273 1347 3338 dicit
1364 3271 1498 3339 ‘Danai-

214 3403 272 3466 que
294 3382 414 3448 abrasa
436 3382 575 3447 tembant
598 3382 711 3447 limina
727 3378 919 3462 portarum’.

304 3487 377 3552 804.
415 3503 510 3552 CESSI
534 3485 625 3551 deest
648 3483 794 3570 ‘igitur’.
884 3509 965 3550 arear
985 3485 1039 3550 hoc
1067 3491 1111 3550 est
1138 3488 1234 3552 tantae
1261 3487 1498 3568 difficultatibus

214 3595 260 3659 oet
291 3593 392 3658 matis.
447 3598 476 3658 et
500 3594 630 3675 proprie
661 3593 760 3657 cedere
791 3592 936 3656 dieantur
966 3592 1021 3674 qai
1047 3593 1190 3673 patriam
1221 3593 1407 3675 relinquant.

215 3718 363 3766 moneam
385 3703 423 3764 ut
446 3699 590 3764 ostendit
613 3699 648 3762 in
670 3719 755 3763 nono
780 3697 867 3780 <80>
890 3697 983 3763 Idam
1007 3697 1179 3783 signifieat.
1274 3724 1404 3766 seruare
1418 3726 1497 3767 osui·
1518 3711 1551 3760 30

217 3833 289 3873 roas
318 3807 427 3889 atique
458 3807 584 3872 inventa
615 3805 840 3888 aemunitate
869 3805 1016 3888 pietatem
1053 3825 1144 3871 aiam
1176 3827 1248 3889 erae
1277 3811 1403 3890 patrem
1433 3807 1499 3872 vait

132 3955 137 3964 ·
215 3913 374 3978 ostendere.

287 4078 303 4125 6
323 4070 440 4142 Statius]
461 4071 549 4126 Theb.
568 4069 620 4124 XII
640 4077 691 4126 472
714 4071 724 4138 1
750 4075 781 4123 14
800 4068 854 4123 tibi
873 4067 988 4141 deserit]
1008 4069 1070 4124 bue.
1090 4069 1154 4124 v111
1174 4076 1208 4125 30

285 4221 301 4268 3
321 4213 394 4284 illio]
415 4212 482 4268 illue
505 4211 660 4266 Maeoieius
673 4213 714 4278 14
732 4209 782 4264 ulii
796 4209 901 4265 Daniel
914 4213 1000 4266 edidit
1014 4215 1053 4282 115
1072 4229 1137 4266 nom
1156 4213 1248 4282 prima
1266 4213 1354 4282 longa
1372 4215 1414 4267 est
1432 4214 1499 4284 101

215 4285 237 4340 δ’
250 4285 331 4342 addit
355 4285 380 4338 L
402 4287 412 4354 1
436 4291 450 4338 7
476 4286 504 4338 et
527 4301 576 4337 om.
601 4282 635 4335 Η
658 4283 691 4335 ut
716 4282 819 4335 LME
841 4284 850 4351 11
873 4283 1005 4356 miserae]
1030 4283 1160 4338 miserere
1184 4285 1209 4338 L
1232 4287 1242 4352 11
1266 4291 1298 4340 16
1323 4285 1419 4339 moriri
1442 4286 1493 4338 Η·

215 4365 249 4411 ‘20
269 4357 357 4412 videri
378 4357 547 4410 Mosoicius:
566 4353 661 4408 uidere
681 4353 705 4407 0
725 4355 734 4421 11
758 4359 790 4406 21
817 4353 893 4408 horis
911 4354 970 4424 hie]
994 4355 1111 4421 sortasse
1134 4355 1217 4409 horas
1237 4357 1279 4409 his
1301 4358 1311 4426 1
1334 4363 1369 4410 24
1387 4357 1500 4410 Lucifer

216 4427 320 4481 Daniel
338 4429 424 4481 edidit
437 4431 448 4494 11
461 4433 495 4481 28
515 4425 559 4478 vel
578 4443 650 4478 esser
669 4424 773 4478 Daniel
793 4424 831 4478 U*
850 4445 922 4478 essu
942 4429 1037 4480 autem
1058 4428 1213 4480 Mose-icius
1226 4429 1236 4494 1
1250 4426 1303 4480 hoo
1323 4431 1366 4480 est
1384 4471 1390 4481 .
1408 4469 1436 4480 ..
1457 4443 1499 4480 re·

216 4497 345 4566 linquunt
364 4499 450 4552 edidit
468 4497 573 4551 Daniel
592 4496 695 4550 addens
714 4514 833 4548 svnnrro
854 4515 985 4550 oesrronr
1003 4499 1083 4565 petre
1103 4501 1216 4567 portato
1235 4498 1355 4552 duotore
1376 4499 1438 4566 129
1457 4513 1498 4550 re·

215 4569 380 4637 linquuntur
399 4569 492 4636 0130
513 4567 665 4637 significat]
685 4566 734 4621 ubi
749 4564 883 4635 Virgilius
902 4567 996 4636 inquit
1016 4567 1153 4637 ‘tempore
1168 4587 1224 4636 quo
1238 4569 1360 4638 primum
1374 4567 1500 4637 Phrygia

215 4639 356 4694 formabat
375 4639 403 4693 in
423 4638 472 4694 lda
490 4641 599 4693 Aeneas
618 4637 736 4691 classem
756 4637 785 4690 et
803 4635 899 4707 pelagi
918 4641 1012 4706 petere
1032 4640 1092 4693 alta
1111 4641 1231 4710 parabat
1249 4641 1313 4694 add.
1332 4638 1386 4708 Dss
1405 4657 1497 4693 easm-

216 4729 264 4764 oos
284 4730 404 4765 sxrucrr
422 4730 494 4765 muru
510 4729 530 4764 11
549 4727 698 4764 rnnermvs
718 4725 1000 4764 murmuraremus
1019 4728 1118 4766 rncrrrr
1137 4711 1302 4766 Laureion
1321 4711 1370 4764 mia
1386 4732 1407 4766 u
1427 4717 1499 4765 rucri·

216 4788 268 4837 mi.
283 4803 324 4838 111.
345 4783 382 4836 M
