3626 5558
324 470 391 536 406
832 423 835 430 ·
903 467 1024 524 sssvn

328 636 454 701 istaes
479 655 513 698 se
536 632 690 718 pendent,
722 633 799 698 licet
824 633 967 719 propriis
990 632 1110 698 finibus
1133 631 1372 697 contineantur.
1417 631 1504 697 unde
1525 630 1619 697 Ver·

325 741 423 827 gilius
448 738 558 805 omnia
581 737 611 803 ei
634 738 691 804 det
714 762 809 824 quem
833 740 903 805 vult
926 739 1104 824 perfeetum
1127 739 1286 824 intellegi,
1307 743 1346 834 ut
1367 737 1431 805 hoc
1454 739 1525 804 loco
1539 737 1619 802 He-

325 849 415 931 leno,
448 846 528 912 item
557 845 636 912 alibi
659 845 771 911 Asilae
794 846 829 912 in
852 846 975 912 decimo
1009 845 1116 931 (176)
1154 846 1215 912 cui
1248 847 1433 930 pecudum
1465 846 1618 928 fibrae,

326 953 426 1019 caeli
454 953 514 1017 eui
542 953 670 1018 sidera
697 956 837 1038 parent
870 955 908 1018 et
940 953 1098 1039 linguae
1121 952 1320 1018 volucrum
1354 957 1391 1018 et
1422 952 1617 1039 praesagi

291 1059 503 1125 ofulminis
530 1059 649 1144 ignes.
701 1060 801 1126 Varro
828 1064 1102 1141 cumquotus
1126 1080 1239 1143 genera
1265 1061 1492 1126 divinationum
1515 1061 1619 1125 dicit:

326 1171 452 1250 mem,
476 1171 590 1246 adron,
613 1187 741 1249 msam,
763 1167 883 1250 ipsam:
908 1168 1087 1251 pomonalis,
1110 1169 1308 1247 admontis,
1326 1169 1533 1252 pyrmmnts,
1555 1167 1620 1252 ty·

325 1273 507 1340 dromadis.
559 1273 717 1357 Veratius
734 1274 797 1338 tria
816 1293 929 1356 ponera
951 1273 1123 1357 complexas
1145 1278 1203 1340 est:
1221 1295 1280 1358 per
1303 1275 1409 1342 lauros
1428 1276 1619 1358 peccastis,

321 1403 380 1465 per
401 1383 506 1447 attera
522 1379 731 1466 pyronsoatia
748 1400 807 1462 per
822 1385 982 1462 praepetes
1004 1382 1202 1446 ammath.
1323 1397 1439 1447 nrvvrs
1463 1398 1525 1459 QV1
1547 1399 1617 1446 rev-

326 1505 415 1553 sssrss
438 1491 547 1573 potest
571 1491 604 1553 et
618 1486 795 1570 ‘interpres
814 1483 941 1550 divum’
956 1485 1123 1572 distingui.
1156 1509 1233 1552 sane
1256 1509 1315 1571 per
1339 1489 1449 1553 omnia
1472 1508 1617 1572 zeugma

277 1607 309 1655 10
329 1598 379 1660 est
402 1595 443 1659 ab
467 1595 674 1660 inferioribus
699 1592 842 1658 ‘sentis'.
915 1610 1137 1671 Qv1uvr111ts
1161 1611 1282 1660 snurrs
1306 1595 1361 1679 qui
1386 1595 1524 1680 suscipis
1547 1617 1612 1660 nu-

327 1724 402 1767 men
426 1706 460 1766 st
482 1701 593 1766 futura
615 1700 784 1785 praedicis.

417 1808 490 1875 360.
528 1825 587 1886 er
610 1824 781 1874 romonae
806 1825 927 1872 saurus
950 1806 1094 1891 tripodes
1118 1828 1247 1872 mensae
1270 1805 1402 1872 fuerunt
1423 1807 1459 1872 in
1484 1809 1610 1895 templo

328 1914 492 1998 Apollinis
515 1913 676 1999 Delphici,
702 1915 818 1999 quibus
843 1915 1099 2000 superimpositae
1123 1913 1313 1980 Phoebades
1337 1914 1610 1983 vaticinabantur.

326 2023 373 2087 vel
401 2023 484 2104 qaod
511 2023 546 2086 iss
575 2022 676 2086 eodem
705 2021 815 2106 templo
845 2023 957 2103 tabas.
973 2026 1019 2086 cst
1039 2042 1109 2086 eom
1136 2021 1253 2086 essehoc
1279 2026 1309 2085 ct
1333 2021 1473 2088 matius
1499 2022 1613 2107 Pythii

278 2139 309 2189 15
329 2129 485 2212 serpentis.
597 2143 716 2192 cusan
739 2145 876 2194 nsvavs
901 2127 1010 2192 ethic
1034 2125 1105 2211 ‘qui
1128 2126 1247 2193 sentis’
1272 2127 1433 2194 subaudis.
1480 2133 1513 2194 et
1536 2129 1610 2196 Ola-

328 2235 412 2300 rium
436 2233 589 2319 oppidum
614 2237 664 2299 est
686 2234 720 2298 in
739 2233 859 2298 linibus
874 2231 1158 2328 Colophoniorum,
1180 2233 1234 2298 sbi
1246 2231 1360 2316 Apollo
1378 2234 1500 2300 colitur:
1523 2236 1610 2301 unde

327 2341 447 2427 Apollo
471 2339 607 2407 Clarius.
645 2361 723 2406 sane
746 2339 927 2425 quaeritur,
950 2342 1059 2404 utrum
1084 2338 1217 2406 ‘Clarii'
1242 2338 1471 2424 geminandum
1496 2343 1540 2408 sit
1565 2341 1613 2408 ‘i’.

328 2453 362 2515 et
389 2449 552 2514 sciendum
581 2448 678 2513 aliter
705 2468 770 2512 non
797 2446 984 2531 procedere:
1019 2469 1096 2513 nem
1120 2446 1202 2514 ‘cla'
1225 2446 1334 2512 brevis
1362 2447 1539 2534 invenitur,
1572 2455 1612 2516 ut

329 2553 452 2620 Statius
480 2576 548 2618 nec
571 2552 726 2619 Clarias
753 2552 823 2617 hac
845 2553 931 2618 luce
954 2552 1061 2618 fores
1085 2551 1373 2638 Didymaeaque
1397 2543 1611 2642 quisquam.

277 2673 312 2723 20
330 2683 388 2746 per
410 2661 521 2726 laurus
545 2665 655 2726 autem
678 2659 845 2726 oraculum
867 2659 1095 2745 intellegimus.
1179 2677 1241 2738 er
1260 2677 1387 2726 smnus
1407 2679 1530 2729 saurls
1554 2665 1612 2750 qui

329 2768 512 2853 ceperitne
536 2767 744 2855 astrologiae.
1321 2823 1325 2832 .
1481 2826 1487 2834 ,

417 2875 493 2940 361.
528 2893 574 2940 en
603 2891 795 2941 vonvcavu
823 2889 975 2939 arueras
1004 2873 1059 2958 qui
1087 2896 1120 2939 es
1144 2897 1248 2961 augur
1271 2875 1426 2942 oscinum.
1562 2897 1608 2944 ar

329 2997 521 3049 ramensis
549 2999 662 3048 cums
690 2998 819 3047 PINNAE
843 2985 1001 3064 praepetes
1027 2986 1100 3046 sont
1125 2985 1355 3066 praesecanda
1378 2985 1516 3068 sapido
1538 2991 1611 3052 aaa

329 3107 398 3154 cum
420 3087 526 3154 volam
546 3088 601 3170 qai
623 3089 812 3170 auspicatur.
858 3109 933 3152 aves
960 3092 1063 3153 aulem
1091 3093 1149 3154 aut
1172 3088 1298 3156 oscines
1323 3080 1416 3177 sunt,
1440 3093 1497 3156 aut
1518 3113 1610 3176 prae-

277 3209 311 3258 sa
331 3199 437 3279 petes:
471 3193 597 3259 oscines
625 3215 703 3277 qaae
731 3217 787 3260 ore
818 3193 929 3259 futura
955 3195 1159 3282 praedicunt,
1191 3201 1362 3282 praepetes
1390 3219 1469 3281 qstac
1496 3199 1609 3265 volatu

328 3302 497 3392 armatam
520 3300 714 3386 significant,
736 3322 806 3366 casn
823 3307 898 3368 suat
908 3323 1068 3385 prospera.
1101 3304 1157 3368 sed
1175 3310 1346 3390 praepetes
1364 3309 1422 3372 aut
1442 3305 1610 3391 superiora

401 3519 417 3568 t
436 3515 525 3568 Varro
545 3556 596 3571 ...
616 3513 821 3586 hydromantia]
841 3513 875 3569 cf.
894 3511 958 3569 Isid.
978 3530 1018 3571 or.
1036 3511 1104 3569 VllI
1122 3521 1196 3584 9,13
1218 3515 1319 3571 ‘Varro
1338 3514 1408 3570 dicit
1426 3514 1610 3571 divinationis

330 3588 464 3656 quattuor
482 3601 542 3640 esse
561 3601 678 3655 genera,
696 3587 815 3652 terram,
834 3601 950 3654 aquarn,
969 3601 1063 3642 aerem
1081 3589 1111 3641 et
1128 3586 1236 3657 ignem
1255 3587 1322 3642 hinc
1340 3587 1541 3658 geomantiam,
1559 3587 1611 3657 hy-

330 3656 528 3726 dromantiam,
547 3656 758 3724 aeromantiam,
776 3655 984 3726 pyromantiam
1003 3657 1130 3712 dictam'
1159 3659 1245 3714 tertio
1263 3659 1370 3727 antiqu.
1389 3675 1441 3714 rer.
1461 3657 1517 3712 dis.
1537 3658 1610 3712 libro

329 3729 400 3784 haec
426 3727 512 3785 verba
539 3727 640 3782 tribuit
661 3726 813 3782 Merkelius
858 3727 907 3782 rol.
932 3727 976 3784 ad.
997 3726 1047 3782 Os.
1070 3728 1135 3786 last.
1160 3748 1187 3799 p.
1209 3735 1268 3785 115.
1305 3729 1340 3784 cf.
1360 3729 1513 3784 Kettnerus
1536 3729 1610 3782 stud.

331 3799 410 3855 Varr.
430 3817 457 3868 p.
479 3802 511 3853 18
531 3816 569 3867 sq.
589 3801 599 3868 l
620 3803 653 3852 19
673 3797 791 3869 Statius]
811 3745 900 3854 Tlos.
920 3798 985 3852 Vlll
1006 3805 1056 3854 199
1071 3800 1081 3870 ΙΙ
1099 3806 1133 3854 23
1152 3803 1300 3871 praepetes
1318 3803 1384 3855 sunt
1403 3841 1409 3854 .
1430 3843 1436 3855 .
1456 3843 1463 3855 .
1482 3800 1611 3870 auspica-

330 3871 388 3996 huit]
409 3869 568 3996 plilllestus
592 3887 613 3924 s.
637 3888 663 3926 v.
688 3872 836 3940 praepetes
862 3870 872 3939 ss
898 3875 934 3924 24
957 3886 1022 3926 aves
1045 3874 1095 3925 aut
1120 3870 1227 3927 oscines
1245 3889 1269 3927 s.
1289 3889 1316 3941 q.
1334 3872 1370 3944 a]
1390 3872 1425 3928 cf.
1445 3871 1516 3928 Gall
1536 3872 1609 3926 noct

332 4069 544 4078 ———

402 4145 418 4192 3
437 4136 547 4262 Asilae}
566 4135 660 4191 sibilla
679 4136 769 4192 sirene
787 4137 813 4190 L
832 4137 938 4206 (sibene
958 4137 977 4204 l)
997 4137 1047 4192 sile
1066 4137 1101 4192 Η
1119 4139 1130 4208 l
1152 4144 1167 4193 t
1187 4138 1276 4194 Varro
1295 4139 1428 4207 quattuor
1447 4155 1550 4208 genera
1568 4137 1608 4193 di·

331 4208 506 4264 uinationem
548 4210 613 4263 ccet
629 4209 732 4263 tanam
751 4225 975 4280 aerem,aquam
994 4208 1088 4279 mrem
1108 4209 1302 4266 Geomantiam
1322 4209 1533 4266 Aeromantiam
1553 4209 1609 4278 Hy·

331 4279 519 4336 dromantiam
538 4280 746 4350 Pyromantiam
766 4279 890 4334 Ambwa
922 4280 932 4350 ΙΙ
963 4287 979 4334 6
1003 4281 1191 4350 pyrromantis
1211 4280 1242 4335 F
1270 4283 1280 4350 l
1311 4285 1327 4335 8
1345 4282 1537 4351 pyrromantis
1555 4281 1587 4335 F
1602 4281 1611 4354 ll

332 4358 348 4406 9
368 4367 465 4406 sauma
484 4351 551 4405 libri
562 4351 573 4420 l
592 4356 625 4404 10
649 4349 766 4420 suscipis
786 4349 854 4404 FO:
883 4351 1000 4420 suspicis
1017 4351 1082 4406 LH
1085 4352 1123 4406 M
1127 4353 1157 4406 E
1178 4353 1188 4421 l
1212 4359 1244 4406 13
1264 4352 1356 4407 delfici
1373 4352 1508 4423 apollinis
1528 4351 1586 4408 Fe
1607 4360 1610 4377 '

332 4423 509 4504 superposita
527 4421 585 4476 FO
596 4421 606 4491 ΙΙ
619 4421 827 4476 uaticinabetnr
845 4421 896 4491 ΓΙ]
911 4426 943 4475 16
963 4441 1063 4477 ssvsvs
1082 4423 1147 4476 ΓΕ
1172 4443 1273 4479 nsvsos
1293 4423 1407 4506 QLMe
1434 4443 1533 4478 mesas
1551 4423 1585 4478 Η
1601 4400 1610 4494 ll

331 4493 429 4618 tls
443 4491 571 4632 uolt
586 4492 752 4633 stul
792 4492 1491 4646 11111111111111111111
1508 4495 1609 4628 {th

331 4655 471 4692 vonseavu
486 4635 524 4688 M
535 4636 545 4704 l
558 4633 698 4706 oscinum]
718 4653 749 4690 os
818 4651 898 4690 neem
910 4635 945 4689 H
954 4636 964 4703 ΙΙ
978 4641 1011 4690 23
1026 4655 1127 4690 assuas
1141 4636 1167 4689 L
1181 4639 1191 4706 l
1203 4639 1351 4707 praepetes
1371 4640 1456 4692 sunt.
1473 4681 1479 4694 .
1495 4679 1501 4692 .
1516 4637 1611 4708 priora

332 4709 433 4776 petunt
451 4707 580 4762 volantes
597 4707 659 4761 tab.
679 4703 802 4763 Ambros.
830 4709 840 4778 l
867 4711 902 4761 el
921 4707 1103 4777 auspicantur
1121 4707 1151 4761 F
1170 4709 1181 4777 l
1207 4711 1303 4763 eutem
1321 4709 1382 4763 hab.
1403 4709 1427 4763 0
1447 4711 1457 4779 l
1479 4712 1530 4762 aut
1546 4713 1611 4763 ants

332 4777 441 4832 oscines
460 4793 509 4834 om.
529 4778 731 4847 Ambrosias
751 4794 821 4846 quae
840 4779 899 4833 tab.
922 4776 970 4848 Gn
988 4779 1097 4833 loturae
1115 4779 1174 4850 ΗΙΙ
1191 4779 1367 4851 praedicunt]
1387 4780 1424 4835 ab
1443 4797 1473 4834 os
1492 4781 1522 4835 et
1540 4795 1610 4834 cano

332 4850 395 4904 odd.
411 4849 440 4903 D
453 4849 464 4918 l
476 4865 548 4918 quae
566 4853 592 4903 et
609 4849 757 4919 augurium
775 4849 836 4904 hob.
853 4848 1008 4920 011261οά
1027 4852 1174 4922 praepetes
1192 4850 1217 4905 si
1235 4850 1378 4921 superiora
1395 4853 1494 4906 terem
1510 4867 1611 4906 uocan-

332 4921 387 4989 tur,
405 4919 429 4973 si
447 4919 580 4976 Moriere
598 4919 703 4976 interae
721 4923 868 4991 praepetes
887 4922 916 4976 et
933 4920 996 4975 ideo
1015 4921 1026 4976 l
