<?xml version="1.0" encoding="UTF-8"?>
<!DOCTYPE html PUBLIC "-//W3C//DTD XHTML 1.0 Transitional//EN"
    "http://www.w3.org/TR/xhtml1/DTD/xhtml1-transitional.dtd">
<html xmlns="http://www.w3.org/1999/xhtml" xml:lang="en" lang="en">
 <head>
  <title>
</title>
<meta http-equiv="Content-Type" content="text/html;charset=utf-8" />
  <meta name='ocr-system' content='tesseract 3.04.00' />
  <meta name='ocr-capabilities' content='ocr_page ocr_carea ocr_par ocr_line ocrx_word'/>
</head>
<body>
  <div class='ocr_page' id='page_1' title='image "./serviigrammatic03thilgoog_0015.png"; bbox 0 0 3590 5558; ppageno 0'>
   <div class='ocr_carea' id='block_1_1' title="bbox 187 445 1006 510">
    <p class='ocr_par' dir='ltr' id='par_1_1' title="bbox 187 445 1006 510">
     <span class='ocr_line' id='line_1_1' title="bbox 187 445 1006 510; baseline -0.015 2"><span class='ocrx_word' id='word_1_1' title='bbox 187 465 192 470; x_wconf 90' lang='lat'>&#39;</span> <span class='ocrx_word' id='word_1_2' title='bbox 304 447 326 510; x_wconf 84' lang='grc'>4</span> <span class='ocrx_word' id='word_1_3' title='bbox 652 461 658 469; x_wconf 89' lang='grc'><em>·</em></span> <span class='ocrx_word' id='word_1_4' title='bbox 884 445 1006 502; x_wconf 77' lang='lat' dir='ltr'><strong>snsvn</strong></span> 
     </span>
    </p>
   </div>
   <div class='ocr_carea' id='block_1_2' title="bbox 250 605 1686 2710">
    <p class='ocr_par' dir='ltr' id='par_1_2' title="bbox 250 605 1686 2710">
     <span class='ocr_line' id='line_1_2' title="bbox 304 605 1585 692; baseline 0 -20"><span class='ocrx_word' id='word_1_5' title='bbox 304 608 422 674; x_wconf 89' lang='lat' dir='ltr'><strong>titulus</strong></span> <span class='ocrx_word' id='word_1_6' title='bbox 446 611 496 674; x_wconf 88' lang='lat' dir='ltr'><strong>est</strong></span> <span class='ocrx_word' id='word_1_7' title='bbox 520 607 651 687; x_wconf 86' lang='lat' dir='ltr'><strong>Aeneis,</strong></span> <span class='ocrx_word' id='word_1_8' title='bbox 675 607 889 672; x_wconf 82' lang='lat' dir='ltr'><strong>derivativum</strong></span> <span class='ocrx_word' id='word_1_9' title='bbox 912 629 1031 674; x_wconf 88' lang='lat' dir='ltr'><strong>nomen</strong></span> <span class='ocrx_word' id='word_1_10' title='bbox 1054 608 1095 672; x_wconf 92' lang='lat' dir='ltr'><strong>ab</strong></span> <span class='ocrx_word' id='word_1_11' title='bbox 1115 608 1240 692; x_wconf 86' lang='lat' dir='ltr'><strong>Aenea,</strong></span> <span class='ocrx_word' id='word_1_12' title='bbox 1263 611 1300 672; x_wconf 94' lang='lat' dir='ltr'><strong>ut</strong></span> <span class='ocrx_word' id='word_1_13' title='bbox 1318 630 1337 672; x_wconf 92' lang='lat' dir='ltr'><strong>a</strong></span> <span class='ocrx_word' id='word_1_14' title='bbox 1356 607 1482 673; x_wconf 84' lang='lat' dir='ltr'><strong>Theseo</strong></span> <span class='ocrx_word' id='word_1_15' title='bbox 1502 605 1585 672; x_wconf 80' lang='lat' dir='ltr'><strong>The·</strong></span> 
     </span>
     <span class='ocr_line' id='line_1_3' title="bbox 305 710 1585 780; baseline 0 -2"><span class='ocrx_word' id='word_1_16' title='bbox 305 715 396 780; x_wconf 50' lang='lat' dir='ltr'><strong>seisff</strong></span> <span class='ocrx_word' id='word_1_17' title='bbox 429 715 476 779; x_wconf 90' lang='lat' dir='ltr'><strong>sic</strong></span> <span class='ocrx_word' id='word_1_18' title='bbox 507 713 672 779; x_wconf 82' lang='lat' dir='ltr'><strong>Iuvenalis</strong></span> <span class='ocrx_word' id='word_1_19' title='bbox 709 721 870 779; x_wconf 79' lang='lat' dir='ltr'><strong>vexatus</strong></span> <span class='ocrx_word' id='word_1_20' title='bbox 906 715 1054 780; x_wconf 87' lang='lat' dir='ltr'><strong>totiens</strong></span> <span class='ocrx_word' id='word_1_21' title='bbox 1092 715 1197 780; x_wconf 88' lang='lat' dir='ltr'><strong>rauci</strong></span> <span class='ocrx_word' id='word_1_22' title='bbox 1234 714 1425 780; x_wconf 80' lang='lat' dir='ltr'>Theseide</span> <span class='ocrx_word' id='word_1_23' title='bbox 1458 710 1585 780; x_wconf 80' lang='lat' dir='ltr'><strong>Codri.</strong></span> 
     </span>
     <span class='ocr_line' id='line_1_4' title="bbox 305 819 1586 904; baseline -0.001 -19"><span class='ocrx_word' id='word_1_24' title='bbox 305 820 445 904; x_wconf 86' lang='lat' dir='ltr'><strong>qualitas</strong></span> <span class='ocrx_word' id='word_1_25' title='bbox 469 820 620 886; x_wconf 88' lang='lat' dir='ltr'><strong>carminis</strong></span> <span class='ocrx_word' id='word_1_26' title='bbox 643 823 748 904; x_wconf 80' lang='lat' dir='ltr'><strong>pstet3</strong></span> <span class='ocrx_word' id='word_1_27' title='bbox 771 841 847 884; x_wconf 89' lang='lat' dir='ltr'><strong>nam</strong></span> <span class='ocrx_word' id='word_1_28' title='bbox 871 825 922 886; x_wconf 87' lang='lat' dir='ltr'><strong>est</strong></span> <span class='ocrx_word' id='word_1_29' title='bbox 945 825 1084 886; x_wconf 88' lang='lat' dir='ltr'><strong>metrum</strong></span> <span class='ocrx_word' id='word_1_30' title='bbox 1109 819 1274 886; x_wconf 89' lang='lat' dir='ltr'><strong>heroicum</strong></span> <span class='ocrx_word' id='word_1_31' title='bbox 1293 823 1435 887; x_wconf 84' lang='lat' dir='ltr'><strong>stactus</strong></span> <span class='ocrx_word' id='word_1_32' title='bbox 1454 820 1586 903; x_wconf 87' lang='lat' dir='ltr'><strong>mixtus,</strong></span> 
     </span>
     <span class='ocr_line' id='line_1_5' title="bbox 303 909 1585 1012; baseline -0.001 -21"><span class='ocrx_word' id='word_1_33' title='bbox 303 927 360 991; x_wconf 91' lang='lat' dir='ltr'><strong>ubi</strong></span> <span class='ocrx_word' id='word_1_34' title='bbox 379 930 413 990; x_wconf 89' lang='lat' dir='ltr'><strong>et</strong></span> <span class='ocrx_word' id='word_1_35' title='bbox 431 927 529 1010; x_wconf 88' lang='lat' dir='ltr'><strong>poeta</strong></span> <span class='ocrx_word' id='word_1_36' title='bbox 547 925 691 1011; x_wconf 88' lang='lat' dir='ltr'><strong>loquitur</strong></span> <span class='ocrx_word' id='word_1_37' title='bbox 710 930 743 991; x_wconf 88' lang='lat' dir='ltr'><strong>et</strong></span> <span class='ocrx_word' id='word_1_38' title='bbox 762 927 844 991; x_wconf 87' lang='lat' dir='ltr'><strong>alios</strong></span> <span class='ocrx_word' id='word_1_39' title='bbox 862 909 986 992; x_wconf 85' lang='lat' dir='ltr'><strong>inducit</strong></span> <span class='ocrx_word' id='word_1_40' title='bbox 1009 927 1186 1012; x_wconf 85' lang='lat' dir='ltr'><strong>loquentes.</strong></span> <span class='ocrx_word' id='word_1_41' title='bbox 1224 931 1275 993; x_wconf 89' lang='lat' dir='ltr'><strong>est</strong></span> <span class='ocrx_word' id='word_1_42' title='bbox 1293 931 1401 992; x_wconf 84' lang='lat' dir='ltr'><strong>autem</strong></span> <span class='ocrx_word' id='word_1_43' title='bbox 1419 926 1585 991; x_wconf 91' lang='lat' dir='ltr'><strong>heroicum</strong></span> 
     </span>
     <span class='ocr_line' id='line_1_6' title="bbox 269 1033 1585 1119; baseline 0.005 -27"><span class='ocrx_word' id='word_1_44' title='bbox 269 1033 389 1117; x_wconf 79' lang='lat' dir='ltr'><strong>equod</strong></span> <span class='ocrx_word' id='word_1_45' title='bbox 412 1038 542 1100; x_wconf 85' lang='lat' dir='ltr'><strong>constet</strong></span> <span class='ocrx_word' id='word_1_46' title='bbox 565 1055 604 1099; x_wconf 85' lang='lat' dir='ltr'><strong>ex</strong></span> <span class='ocrx_word' id='word_1_47' title='bbox 634 1033 752 1098; x_wconf 85' lang='lat' dir='ltr'><strong>divinis</strong></span> <span class='ocrx_word' id='word_1_48' title='bbox 780 1034 995 1119; x_wconf 79' lang='lat' dir='ltr'><strong>humanisque</strong></span> <span class='ocrx_word' id='word_1_49' title='bbox 1022 1035 1184 1118; x_wconf 88' lang='lat' dir='ltr'><strong>personis,</strong></span> <span class='ocrx_word' id='word_1_50' title='bbox 1211 1033 1379 1098; x_wconf 87' lang='lat' dir='ltr'><strong>continens</strong></span> <span class='ocrx_word' id='word_1_51' title='bbox 1407 1056 1484 1098; x_wconf 80' lang='lat' dir='ltr'><strong>vera</strong></span> <span class='ocrx_word' id='word_1_52' title='bbox 1512 1055 1585 1098; x_wconf 89' lang='lat' dir='ltr'><strong>cum</strong></span> 
     </span>
     <span class='ocr_line' id='line_1_7' title="bbox 303 1139 1585 1223; baseline 0.001 -20"><span class='ocrx_word' id='word_1_53' title='bbox 303 1139 401 1223; x_wconf 80' lang='lat' dir='ltr'><strong>fictis3</strong></span> <span class='ocrx_word' id='word_1_54' title='bbox 433 1162 510 1206; x_wconf 87' lang='lat' dir='ltr'><strong>nam</strong></span> <span class='ocrx_word' id='word_1_55' title='bbox 533 1139 677 1205; x_wconf 83' lang='lat' dir='ltr'><strong>Aeneam</strong></span> <span class='ocrx_word' id='word_1_56' title='bbox 706 1140 747 1205; x_wconf 90' lang='lat' dir='ltr'><strong>ad</strong></span> <span class='ocrx_word' id='word_1_57' title='bbox 770 1139 904 1206; x_wconf 85' lang='lat' dir='ltr'><strong>Italiam</strong></span> <span class='ocrx_word' id='word_1_58' title='bbox 931 1141 1057 1206; x_wconf 78' lang='lat' dir='ltr'><strong>venisse</strong></span> <span class='ocrx_word' id='word_1_59' title='bbox 1088 1140 1297 1206; x_wconf 83' lang='lat' dir='ltr'><strong>manifestum</strong></span> <span class='ocrx_word' id='word_1_60' title='bbox 1330 1144 1393 1222; x_wconf 88' lang='lat' dir='ltr'><strong>est,</strong></span> <span class='ocrx_word' id='word_1_61' title='bbox 1425 1139 1585 1205; x_wconf 84' lang='lat' dir='ltr'><strong>Venerem</strong></span> 
     </span>
     <span class='ocr_line' id='line_1_8' title="bbox 303 1243 1585 1330; baseline 0.002 -21"><span class='ocrx_word' id='word_1_62' title='bbox 303 1266 379 1310; x_wconf 87' lang='lat' dir='ltr'><strong>vero</strong></span> <span class='ocrx_word' id='word_1_63' title='bbox 407 1246 551 1311; x_wconf 88' lang='lat' dir='ltr'><strong>locutam</strong></span> <span class='ocrx_word' id='word_1_64' title='bbox 578 1269 651 1312; x_wconf 90' lang='lat' dir='ltr'><strong>eum</strong></span> <span class='ocrx_word' id='word_1_65' title='bbox 677 1245 755 1312; x_wconf 87' lang='lat' dir='ltr'><strong>Iove</strong></span> <span class='ocrx_word' id='word_1_66' title='bbox 782 1247 957 1312; x_wconf 85' lang='lat' dir='ltr'><strong>missumve</strong></span> <span class='ocrx_word' id='word_1_67' title='bbox 986 1243 1182 1312; x_wconf 81' lang='lat' dir='ltr'><strong>Mercurium</strong></span> <span class='ocrx_word' id='word_1_68' title='bbox 1212 1250 1341 1311; x_wconf 86' lang='lat' dir='ltr'><strong>constat</strong></span> <span class='ocrx_word' id='word_1_69' title='bbox 1369 1268 1438 1311; x_wconf 89' lang='lat' dir='ltr'><strong>esse</strong></span> <span class='ocrx_word' id='word_1_70' title='bbox 1467 1267 1585 1330; x_wconf 89' lang='lat' dir='ltr'><strong>conpo-</strong></span> 
     </span>
     <span class='ocr_line' id='line_1_9' title="bbox 303 1353 1585 1439; baseline 0.002 -24"><span class='ocrx_word' id='word_1_71' title='bbox 303 1353 410 1418; x_wconf 84' lang='lat' dir='ltr'><strong>situm.</strong></span> <span class='ocrx_word' id='word_1_72' title='bbox 457 1356 508 1418; x_wconf 86' lang='lat' dir='ltr'><strong>est</strong></span> <span class='ocrx_word' id='word_1_73' title='bbox 539 1356 649 1418; x_wconf 89' lang='lat' dir='ltr'><strong>autem</strong></span> <span class='ocrx_word' id='word_1_74' title='bbox 681 1353 776 1418; x_wconf 88' lang='lat' dir='ltr'><strong>stilus</strong></span> <span class='ocrx_word' id='word_1_75' title='bbox 808 1354 1056 1439; x_wconf 80' lang='lat' dir='ltr'><strong>grandiloquus,</strong></span> <span class='ocrx_word' id='word_1_76' title='bbox 1089 1353 1144 1438; x_wconf 90' lang='lat' dir='ltr'><strong>qui</strong></span> <span class='ocrx_word' id='word_1_77' title='bbox 1177 1356 1305 1418; x_wconf 85' lang='lat' dir='ltr'><strong>constet</strong></span> <span class='ocrx_word' id='word_1_78' title='bbox 1337 1353 1405 1418; x_wconf 93' lang='lat' dir='ltr'><strong>alto</strong></span> <span class='ocrx_word' id='word_1_79' title='bbox 1437 1375 1585 1418; x_wconf 86' lang='lat' dir='ltr'><strong>sermone</strong></span> 
     </span>
     <span class='ocr_line' id='line_1_10' title="bbox 291 1458 1585 1543; baseline 0.001 -22"><span class='ocrx_word' id='word_1_80' title='bbox 291 1458 495 1542; x_wconf 78' lang='lat' dir='ltr'><strong>magnisque</strong></span> <span class='ocrx_word' id='word_1_81' title='bbox 514 1459 695 1524; x_wconf 77' lang='lat' dir='ltr'><strong>sententiis.</strong></span> <span class='ocrx_word' id='word_1_82' title='bbox 733 1459 852 1525; x_wconf 88' lang='lat' dir='ltr'><strong>scimus</strong></span> <span class='ocrx_word' id='word_1_83' title='bbox 871 1460 956 1524; x_wconf 91' lang='lat' dir='ltr'><strong>enim</strong></span> <span class='ocrx_word' id='word_1_84' title='bbox 980 1459 1046 1525; x_wconf 88' lang='lat' dir='ltr'><strong>tria</strong></span> <span class='ocrx_word' id='word_1_85' title='bbox 1069 1479 1140 1524; x_wconf 88' lang='lat' dir='ltr'><strong>csse</strong></span> <span class='ocrx_word' id='word_1_86' title='bbox 1163 1458 1440 1543; x_wconf 85' lang='lat' dir='ltr'><strong>generedicendi,</strong></span> <span class='ocrx_word' id='word_1_87' title='bbox 1463 1458 1585 1523; x_wconf 89' lang='lat' dir='ltr'><strong>humile</strong></span> 
     </span>
     <span class='ocr_line' id='line_1_11' title="bbox 251 1563 1585 1650; baseline 0.005 -29"><span class='ocrx_word' id='word_1_88' title='bbox 251 1563 444 1629; x_wconf 85' lang='lat' dir='ltr'><strong>remedium</strong></span> <span class='ocrx_word' id='word_1_89' title='bbox 467 1565 726 1649; x_wconf 84' lang='lat' dir='ltr'><strong>grandiloquum.</strong></span> <span class='ocrx_word' id='word_1_90' title='bbox 762 1566 901 1630; x_wconf 88' lang='lat' dir='ltr'><strong>intentio</strong></span> <span class='ocrx_word' id='word_1_91' title='bbox 915 1564 1056 1650; x_wconf 81' lang='lat' dir='ltr'><strong>Vergilii</strong></span> <span class='ocrx_word' id='word_1_92' title='bbox 1073 1564 1154 1629; x_wconf 84' lang='lat' dir='ltr'><strong>haec</strong></span> <span class='ocrx_word' id='word_1_93' title='bbox 1173 1568 1236 1648; x_wconf 88' lang='lat' dir='ltr'><strong>est,</strong></span> <span class='ocrx_word' id='word_1_94' title='bbox 1259 1563 1437 1629; x_wconf 86' lang='lat' dir='ltr'><strong>Homerum</strong></span> <span class='ocrx_word' id='word_1_95' title='bbox 1461 1564 1585 1628; x_wconf 90' lang='lat' dir='ltr'><strong>imitari</strong></span> 
     </span>
     <span class='ocr_line' id='line_1_12' title="bbox 304 1669 1584 1758; baseline -0.002 -22"><span class='ocrx_word' id='word_1_96' title='bbox 304 1674 337 1736; x_wconf 92' lang='lat' dir='ltr'><strong>et</strong></span> <span class='ocrx_word' id='word_1_97' title='bbox 359 1670 545 1756; x_wconf 83' lang='lat' dir='ltr'><strong>Augustum</strong></span> <span class='ocrx_word' id='word_1_98' title='bbox 572 1669 705 1737; x_wconf 86' lang='lat' dir='ltr'><strong>laudare</strong></span> <span class='ocrx_word' id='word_1_99' title='bbox 732 1673 978 1758; x_wconf 73' lang='lat' dir='ltr'><strong>aparentibus,</strong></span> <span class='ocrx_word' id='word_1_100' title='bbox 1008 1693 1148 1756; x_wconf 89' lang='lat' dir='ltr'><strong>namque</strong></span> <span class='ocrx_word' id='word_1_101' title='bbox 1176 1674 1227 1736; x_wconf 89' lang='lat' dir='ltr'><strong>est</strong></span> <span class='ocrx_word' id='word_1_102' title='bbox 1253 1670 1340 1736; x_wconf 87' lang='lat' dir='ltr'><strong>filius</strong></span> <span class='ocrx_word' id='word_1_103' title='bbox 1363 1670 1474 1754; x_wconf 81' lang='lat' dir='ltr'><strong>Atiae,</strong></span> <span class='ocrx_word' id='word_1_104' title='bbox 1503 1692 1584 1755; x_wconf 86' lang='lat' dir='ltr'><strong>quae</strong></span> 
     </span>
     <span class='ocr_line' id='line_1_13' title="bbox 303 1774 1584 1862; baseline 0 -22"><span class='ocrx_word' id='word_1_105' title='bbox 303 1780 382 1842; x_wconf 86' lang='lat' dir='ltr'><strong>nata</strong></span> <span class='ocrx_word' id='word_1_106' title='bbox 409 1785 460 1842; x_wconf 89' lang='lat' dir='ltr'><strong>est</strong></span> <span class='ocrx_word' id='word_1_107' title='bbox 485 1777 524 1842; x_wconf 91' lang='lat' dir='ltr'><strong>de</strong></span> <span class='ocrx_word' id='word_1_108' title='bbox 551 1776 649 1862; x_wconf 86' lang='lat' dir='ltr'><strong>Iulia,</strong></span> <span class='ocrx_word' id='word_1_109' title='bbox 677 1800 788 1844; x_wconf 85' lang='lat' dir='ltr'><strong>sorore</strong></span> <span class='ocrx_word' id='word_1_110' title='bbox 816 1776 980 1861; x_wconf 77' lang='lat' dir='ltr'><strong>Caesaris,</strong></span> <span class='ocrx_word' id='word_1_111' title='bbox 1011 1776 1114 1843; x_wconf 88' lang='lat' dir='ltr'><strong>Iulius</strong></span> <span class='ocrx_word' id='word_1_112' title='bbox 1148 1779 1256 1843; x_wconf 87' lang='lat' dir='ltr'><strong>eutem</strong></span> <span class='ocrx_word' id='word_1_113' title='bbox 1289 1774 1409 1842; x_wconf 83' lang='lat' dir='ltr'><strong>Caesar</strong></span> <span class='ocrx_word' id='word_1_114' title='bbox 1440 1776 1481 1840; x_wconf 91' lang='lat' dir='ltr'><strong>ab</strong></span> <span class='ocrx_word' id='word_1_115' title='bbox 1513 1775 1584 1841; x_wconf 93' lang='lat' dir='ltr'><strong>Iulo</strong></span> 
     </span>
     <span class='ocr_line' id='line_1_14' title="bbox 303 1881 1585 1972; baseline 0 -26"><span class='ocrx_word' id='word_1_116' title='bbox 303 1884 432 1949; x_wconf 86' lang='lat' dir='ltr'><strong>Aeneae</strong></span> <span class='ocrx_word' id='word_1_117' title='bbox 460 1884 622 1972; x_wconf 89' lang='lat' dir='ltr'><strong>originem</strong></span> <span class='ocrx_word' id='word_1_118' title='bbox 649 1883 751 1968; x_wconf 88' lang='lat' dir='ltr'><strong>ducit,</strong></span> <span class='ocrx_word' id='word_1_119' title='bbox 779 1888 817 1949; x_wconf 91' lang='lat' dir='ltr'><strong>ut</strong></span> <span class='ocrx_word' id='word_1_120' title='bbox 842 1885 1013 1950; x_wconf 88' lang='lat' dir='ltr'><strong>confirmat</strong></span> <span class='ocrx_word' id='word_1_121' title='bbox 1041 1885 1110 1969; x_wconf 90' lang='lat' dir='ltr'><strong>ipse</strong></span> <span class='ocrx_word' id='word_1_122' title='bbox 1134 1883 1298 1970; x_wconf 87' lang='lat' dir='ltr'><strong>Vergilius</strong></span> <span class='ocrx_word' id='word_1_123' title='bbox 1322 1905 1341 1946; x_wconf 91' lang='lat' dir='ltr'><strong>a</strong></span> <span class='ocrx_word' id='word_1_124' title='bbox 1364 1901 1499 1967; x_wconf 87' lang='lat' dir='ltr'><strong>magno</strong></span> <span class='ocrx_word' id='word_1_125' title='bbox 1522 1881 1585 1946; x_wconf 91' lang='lat' dir='ltr'><strong>de·</strong></span> 
     </span>
     <span class='ocr_line' id='line_1_15' title="bbox 304 1989 1686 2074; baseline 0 -21"><span class='ocrx_word' id='word_1_126' title='bbox 304 1990 460 2055; x_wconf 87' lang='lat' dir='ltr'><strong>missum</strong></span> <span class='ocrx_word' id='word_1_127' title='bbox 483 2011 619 2056; x_wconf 89' lang='lat' dir='ltr'><strong>nomen</strong></span> <span class='ocrx_word' id='word_1_128' title='bbox 641 1989 735 2056; x_wconf 90' lang='lat' dir='ltr'><strong>Iulo.</strong></span> <span class='ocrx_word' id='word_1_129' title='bbox 772 1990 811 2056; x_wconf 89' lang='lat' dir='ltr'><strong>de</strong></span> <span class='ocrx_word' id='word_1_130' title='bbox 829 2012 962 2056; x_wconf 88' lang='lat' dir='ltr'><strong>numero</strong></span> <span class='ocrx_word' id='word_1_131' title='bbox 982 1990 1141 2056; x_wconf 89' lang='lat' dir='ltr'><strong>librorum</strong></span> <span class='ocrx_word' id='word_1_132' title='bbox 1165 1989 1331 2056; x_wconf 72' lang='lat' dir='ltr'><strong>milichie</strong></span> <span class='ocrx_word' id='word_1_133' title='bbox 1354 1991 1502 2074; x_wconf 88' lang='lat' dir='ltr'><strong>quaestio</strong></span> <span class='ocrx_word' id='word_1_134' title='bbox 1526 1993 1585 2073; x_wconf 90' lang='lat' dir='ltr'><strong>est,</strong></span> <span class='ocrx_word' id='word_1_135' title='bbox 1684 2021 1686 2024; x_wconf 93' lang='lat'>·</span> 
     </span>
     <span class='ocr_line' id='line_1_16' title="bbox 253 2095 1584 2181; baseline -0.002 -20"><span class='ocrx_word' id='word_1_136' title='bbox 253 2107 286 2154; x_wconf 74' lang='lat'><strong>15</strong></span> <span class='ocrx_word' id='word_1_137' title='bbox 304 2097 383 2162; x_wconf 87' lang='lat' dir='ltr'><strong>licet</strong></span> <span class='ocrx_word' id='word_1_138' title='bbox 405 2098 439 2162; x_wconf 92' lang='lat' dir='ltr'><strong>in</strong></span> <span class='ocrx_word' id='word_1_139' title='bbox 462 2096 534 2162; x_wconf 88' lang='lat' dir='ltr'><strong>aliis</strong></span> <span class='ocrx_word' id='word_1_140' title='bbox 558 2097 743 2162; x_wconf 85' lang='lat' dir='ltr'><strong>inveniatur</strong></span> <span class='ocrx_word' id='word_1_141' title='bbox 767 2097 969 2181; x_wconf 85' lang='lat' dir='ltr'><strong>auctoribus;</strong></span> <span class='ocrx_word' id='word_1_142' title='bbox 997 2120 1071 2162; x_wconf 85' lang='lat' dir='ltr'><strong>nem</strong></span> <span class='ocrx_word' id='word_1_143' title='bbox 1096 2097 1249 2162; x_wconf 86' lang='lat' dir='ltr'><strong>Plautum</strong></span> <span class='ocrx_word' id='word_1_144' title='bbox 1272 2095 1330 2161; x_wconf 87' lang='lat' dir='ltr'><strong>alii</strong></span> <span class='ocrx_word' id='word_1_145' title='bbox 1352 2095 1465 2160; x_wconf 88' lang='lat' dir='ltr'><strong>dicunt</strong></span> <span class='ocrx_word' id='word_1_146' title='bbox 1487 2116 1584 2160; x_wconf 90' lang='lat' dir='ltr'><strong>unam</strong></span> 
     </span>
     <span class='ocr_line' id='line_1_17' title="bbox 305 2201 1584 2288; baseline 0 -22"><span class='ocrx_word' id='word_1_147' title='bbox 305 2207 338 2268; x_wconf 87' lang='lat' dir='ltr'><strong>et</strong></span> <span class='ocrx_word' id='word_1_148' title='bbox 364 2203 482 2288; x_wconf 79' lang='lat' dir='ltr'><strong>viginti</strong></span> <span class='ocrx_word' id='word_1_149' title='bbox 509 2203 638 2268; x_wconf 87' lang='lat' dir='ltr'><strong>fabulas</strong></span> <span class='ocrx_word' id='word_1_150' title='bbox 670 2203 855 2287; x_wconf 80' lang='lat' dir='ltr'><strong>scripsisse,</strong></span> <span class='ocrx_word' id='word_1_151' title='bbox 887 2202 945 2268; x_wconf 88' lang='lat' dir='ltr'><strong>alii</strong></span> <span class='ocrx_word' id='word_1_152' title='bbox 975 2203 1204 2288; x_wconf 86' lang='lat' dir='ltr'><strong>quadraginta,</strong></span> <span class='ocrx_word' id='word_1_153' title='bbox 1236 2201 1294 2266; x_wconf 86' lang='lat' dir='ltr'><strong>alii</strong></span> <span class='ocrx_word' id='word_1_154' title='bbox 1321 2203 1460 2266; x_wconf 89' lang='lat' dir='ltr'><strong>centum.</strong></span> <span class='ocrx_word' id='word_1_155' title='bbox 1506 2201 1584 2266; x_wconf 92' lang='lat' dir='ltr'><strong>ordo</strong></span> 
     </span>
     <span class='ocr_line' id='line_1_18' title="bbox 305 2306 1585 2394; baseline -0.002 -20"><span class='ocrx_word' id='word_1_156' title='bbox 305 2331 432 2394; x_wconf 88' lang='lat' dir='ltr'><strong>quoque</strong></span> <span class='ocrx_word' id='word_1_157' title='bbox 456 2309 646 2374; x_wconf 80' lang='lat' dir='ltr'><strong>manifestus</strong></span> <span class='ocrx_word' id='word_1_158' title='bbox 671 2312 733 2391; x_wconf 87' lang='lat' dir='ltr'><strong>est,</strong></span> <span class='ocrx_word' id='word_1_159' title='bbox 756 2309 834 2374; x_wconf 87' lang='lat' dir='ltr'><strong>licet</strong></span> <span class='ocrx_word' id='word_1_160' title='bbox 856 2308 987 2394; x_wconf 90' lang='lat' dir='ltr'><strong>quidam</strong></span> <span class='ocrx_word' id='word_1_161' title='bbox 1012 2309 1171 2393; x_wconf 87' lang='lat' dir='ltr'><strong>superflue</strong></span> <span class='ocrx_word' id='word_1_162' title='bbox 1189 2307 1299 2372; x_wconf 86' lang='lat' dir='ltr'><strong>dicant</strong></span> <span class='ocrx_word' id='word_1_163' title='bbox 1322 2306 1496 2372; x_wconf 84' lang='lat' dir='ltr'><strong>secundum</strong></span> <span class='ocrx_word' id='word_1_164' title='bbox 1520 2307 1585 2392; x_wconf 86' lang='lat' dir='ltr'><strong>pri·</strong></span> 
     </span>
     <span class='ocr_line' id='line_1_19' title="bbox 304 2413 1582 2498; baseline -0.002 -19"><span class='ocrx_word' id='word_1_165' title='bbox 304 2437 392 2479; x_wconf 88' lang='lat' dir='ltr'><strong>mum</strong></span> <span class='ocrx_word' id='word_1_166' title='bbox 416 2437 498 2498; x_wconf 89' lang='lat' dir='ltr'><strong>esse,</strong></span> <span class='ocrx_word' id='word_1_167' title='bbox 521 2415 656 2480; x_wconf 90' lang='lat' dir='ltr'><strong>tertium</strong></span> <span class='ocrx_word' id='word_1_168' title='bbox 680 2415 868 2498; x_wconf 89' lang='lat' dir='ltr'><strong>seeundum,</strong></span> <span class='ocrx_word' id='word_1_169' title='bbox 891 2419 924 2479; x_wconf 91' lang='lat' dir='ltr'><strong>et</strong></span> <span class='ocrx_word' id='word_1_170' title='bbox 946 2415 1088 2498; x_wconf 89' lang='lat' dir='ltr'><strong>primum</strong></span> <span class='ocrx_word' id='word_1_171' title='bbox 1111 2415 1257 2498; x_wconf 88' lang='lat' dir='ltr'><strong>tertium,</strong></span> <span class='ocrx_word' id='word_1_172' title='bbox 1280 2413 1352 2478; x_wconf 90' lang='lat' dir='ltr'><strong>ideo</strong></span> <span class='ocrx_word' id='word_1_173' title='bbox 1377 2413 1454 2498; x_wconf 91' lang='lat' dir='ltr'><strong>quia</strong></span> <span class='ocrx_word' id='word_1_174' title='bbox 1476 2413 1582 2497; x_wconf 90' lang='lat' dir='ltr'><strong>primo</strong></span> 
     </span>
     <span class='ocr_line' id='line_1_20' title="bbox 302 2518 1584 2606; baseline -0.003 -21"><span class='ocrx_word' id='word_1_175' title='bbox 302 2520 400 2586; x_wconf 90' lang='lat' dir='ltr'><strong>Ilium</strong></span> <span class='ocrx_word' id='word_1_176' title='bbox 423 2521 577 2606; x_wconf 88' lang='lat' dir='ltr'><strong>concidit,</strong></span> <span class='ocrx_word' id='word_1_177' title='bbox 599 2525 676 2605; x_wconf 89' lang='lat' dir='ltr'><strong>post</strong></span> <span class='ocrx_word' id='word_1_178' title='bbox 694 2521 817 2586; x_wconf 80' lang='lat' dir='ltr'><strong>errarit</strong></span> <span class='ocrx_word' id='word_1_179' title='bbox 835 2521 976 2603; x_wconf 86' lang='lat' dir='ltr'><strong>Aeneas,</strong></span> <span class='ocrx_word' id='word_1_180' title='bbox 998 2519 1073 2585; x_wconf 91' lang='lat' dir='ltr'><strong>inde</strong></span> <span class='ocrx_word' id='word_1_181' title='bbox 1092 2519 1132 2584; x_wconf 87' lang='lat' dir='ltr'><strong>ad</strong></span> <span class='ocrx_word' id='word_1_182' title='bbox 1151 2518 1287 2584; x_wconf 89' lang='lat' dir='ltr'><strong>Didonis</strong></span> <span class='ocrx_word' id='word_1_183' title='bbox 1306 2539 1408 2604; x_wconf 87' lang='lat' dir='ltr'><strong>regne</strong></span> <span class='ocrx_word' id='word_1_184' title='bbox 1426 2518 1584 2603; x_wconf 84' lang='lat' dir='ltr'><strong>pervenit,</strong></span> 
     </span>
     <span class='ocr_line' id='line_1_21' title="bbox 250 2624 1584 2710; baseline -0.003 -18"><span class='ocrx_word' id='word_1_185' title='bbox 250 2637 284 2685; x_wconf 80' lang='lat'><strong>20</strong></span> <span class='ocrx_word' id='word_1_186' title='bbox 300 2629 483 2693; x_wconf 87' lang='lat' dir='ltr'><strong>nescientes</strong></span> <span class='ocrx_word' id='word_1_187' title='bbox 511 2627 596 2693; x_wconf 90' lang='lat' dir='ltr'><strong>hanc</strong></span> <span class='ocrx_word' id='word_1_188' title='bbox 625 2649 694 2693; x_wconf 89' lang='lat' dir='ltr'><strong>esse</strong></span> <span class='ocrx_word' id='word_1_189' title='bbox 718 2631 822 2693; x_wconf 88' lang='lat' dir='ltr'><strong>artem</strong></span> <span class='ocrx_word' id='word_1_190' title='bbox 844 2626 1021 2710; x_wconf 87' lang='lat' dir='ltr'><strong>poeticam,</strong></span> <span class='ocrx_word' id='word_1_191' title='bbox 1050 2630 1088 2690; x_wconf 89' lang='lat' dir='ltr'><strong>ut</strong></span> <span class='ocrx_word' id='word_1_192' title='bbox 1115 2647 1135 2691; x_wconf 92' lang='lat' dir='ltr'><strong>a</strong></span> <span class='ocrx_word' id='word_1_193' title='bbox 1162 2625 1275 2693; x_wconf 88' lang='lat' dir='ltr'><strong>mediis</strong></span> <span class='ocrx_word' id='word_1_194' title='bbox 1305 2624 1498 2709; x_wconf 86' lang='lat' dir='ltr'><strong>incipientes</strong></span> <span class='ocrx_word' id='word_1_195' title='bbox 1526 2647 1584 2709; x_wconf 92' lang='lat' dir='ltr'><strong>per</strong></span> 
     </span>
    </p>
   </div>
   <div class='ocr_carea' id='block_1_3' title="bbox 303 2770 515 2778">
    <p class='ocr_par' dir='ltr' id='par_1_3' title="bbox 303 2770 515 2778">
     <span class='ocr_line' id='line_1_22' title="bbox 303 2770 515 2778; baseline 0 -1"><span class='ocrx_word' id='word_1_196' title='bbox 303 2770 515 2778; x_wconf 70' lang='lat'>...—-—--—=</span> 
     </span>
    </p>
   </div>
   <div class='ocr_carea' id='block_1_4' title="bbox 304 2834 1583 2978">
    <p class='ocr_par' dir='ltr' id='par_1_4' title="bbox 304 2834 1583 2978">
     <span class='ocr_line' id='line_1_23' title="bbox 375 2834 1583 2961; baseline -0.001 -71"><span class='ocrx_word' id='word_1_197' title='bbox 375 2836 563 2961; x_wconf 46' lang='lat' dir='ltr'><strong>tluqeualipj</strong></span> <span class='ocrx_word' id='word_1_198' title='bbox 583 2837 697 2920; x_wconf 70' lang='lat' dir='ltr'><strong>⁸⁸l:1²</strong></span> <span class='ocrx_word' id='word_1_199' title='bbox 720 2839 730 2905; x_wconf 87' lang='lat' dir='ltr'><strong>l</strong></span> <span class='ocrx_word' id='word_1_200' title='bbox 754 2843 787 2891; x_wconf 81' lang='lat'><strong>12</strong></span> <span class='ocrx_word' id='word_1_201' title='bbox 807 2837 893 2891; x_wconf 89' lang='lat' dir='ltr'><strong>Iulius</strong></span> <span class='ocrx_word' id='word_1_202' title='bbox 912 2839 1029 2891; x_wconf 89' lang='lat' dir='ltr'><strong>autem.</strong></span> <span class='ocrx_word' id='word_1_203' title='bbox 1049 2877 1055 2889; x_wconf 95' lang='lat'><strong>.</strong></span> <span class='ocrx_word' id='word_1_204' title='bbox 1076 2877 1082 2888; x_wconf 95' lang='lat'><em>.</em></span> <span class='ocrx_word' id='word_1_205' title='bbox 1101 2851 1203 2892; x_wconf 87' lang='lat' dir='ltr'><strong>nomen</strong></span> <span class='ocrx_word' id='word_1_206' title='bbox 1228 2835 1301 2906; x_wconf 90' lang='lat' dir='ltr'><strong>Iulo]</strong></span> <span class='ocrx_word' id='word_1_207' title='bbox 1326 2851 1412 2890; x_wconf 88' lang='lat' dir='ltr'><strong>exscr.</strong></span> <span class='ocrx_word' id='word_1_208' title='bbox 1433 2834 1499 2892; x_wconf 86' lang='lat' dir='ltr'><strong>Isid.</strong></span> <span class='ocrx_word' id='word_1_209' title='bbox 1513 2835 1583 2904; x_wconf 86' lang='lat' dir='ltr'><strong>orig.</strong></span> 
     </span>
     <span class='ocr_line' id='line_1_24' title="bbox 304 2907 839 2978; baseline 0 -16"><span class='ocrx_word' id='word_1_210' title='bbox 304 2907 342 2962; x_wconf 83' lang='lat' dir='ltr'><strong>lx</strong></span> <span class='ocrx_word' id='word_1_211' title='bbox 361 2913 387 2976; x_wconf 81' lang='lat' dir='ltr'><strong>a,</strong></span> <span class='ocrx_word' id='word_1_212' title='bbox 403 2909 460 2977; x_wconf 68' lang='grc'><strong>131,</strong></span> <span class='ocrx_word' id='word_1_213' title='bbox 480 2913 511 2960; x_wconf 85' lang='lat'><strong>13</strong></span> <span class='ocrx_word' id='word_1_214' title='bbox 557 2908 684 2978; x_wconf 72' lang='lat' dir='ltr'><strong>ergrnus]</strong></span> <span class='ocrx_word' id='word_1_215' title='bbox 704 2909 736 2962; x_wconf 83' lang='grc'><strong>1.</strong></span> <span class='ocrx_word' id='word_1_216' title='bbox 756 2911 769 2963; x_wconf 92' lang='lat'><em>1</em></span> <span class='ocrx_word' id='word_1_217' title='bbox 787 2911 839 2962; x_wconf 81' lang='lat' dir='ltr'><strong>ese</strong></span> 
     </span>
    </p>
   </div>
   <div class='ocr_carea' id='block_1_5' title="bbox 301 3099 1584 4390">
    <p class='ocr_par' dir='ltr' id='par_1_5' title="bbox 301 3099 1584 4390">
     <span class='ocr_line' id='line_1_25' title="bbox 303 3099 1583 3172; baseline -0.002 -14"><span class='ocrx_word' id='word_1_218' title='bbox 303 3104 335 3158; x_wconf 76' lang='lat' dir='ltr'><strong>in</strong></span> <span class='ocrx_word' id='word_1_219' title='bbox 349 3103 644 3170; x_wconf 57' lang='lat' dir='ltr'><strong>reciprocationem,</strong></span> <span class='ocrx_word' id='word_1_220' title='bbox 660 3104 745 3156; x_wconf 79' lang='lat' dir='ltr'><strong>celati</strong></span> <span class='ocrx_word' id='word_1_221' title='bbox 757 3103 908 3157; x_wconf 73' lang='lat' dir='ltr'><strong>Drestteasc¹</strong></span> <span class='ocrx_word' id='word_1_222' title='bbox 920 3103 969 3158; x_wconf 83' lang='lat' dir='ltr'><strong>hoc</strong></span> <span class='ocrx_word' id='word_1_223' title='bbox 982 3102 1060 3156; x_wconf 83' lang='lat' dir='ltr'><strong>modo</strong></span> <span class='ocrx_word' id='word_1_224' title='bbox 1072 3099 1162 3156; x_wconf 77' lang='lat' dir='ltr'><strong>Periit</strong></span> <span class='ocrx_word' id='word_1_225' title='bbox 1174 3103 1269 3156; x_wconf 88' lang='lat' dir='ltr'><strong>autem</strong></span> <span class='ocrx_word' id='word_1_226' title='bbox 1283 3099 1406 3170; x_wconf 81' lang='lat' dir='ltr'><strong>Tarenti,</strong></span> <span class='ocrx_word' id='word_1_227' title='bbox 1420 3101 1450 3156; x_wconf 90' lang='lat' dir='ltr'><strong>in</strong></span> <span class='ocrx_word' id='word_1_228' title='bbox 1464 3101 1583 3172; x_wconf 86' lang='lat' dir='ltr'><strong>Apuliae</strong></span> 
     </span>
     <span class='ocr_line' id='line_1_26' title="bbox 303 3171 1582 3242; baseline 0 -14"><span class='ocrx_word' id='word_1_229' title='bbox 303 3174 429 3230; x_wconf 82' lang='lat' dir='ltr'><strong>ciuitate.</strong></span> <span class='ocrx_word' id='word_1_230' title='bbox 465 3191 531 3228; x_wconf 87' lang='lat' dir='ltr'><strong>nam</strong></span> <span class='ocrx_word' id='word_1_231' title='bbox 556 3173 623 3228; x_wconf 90' lang='lat' dir='ltr'><strong>dum</strong></span> <span class='ocrx_word' id='word_1_232' title='bbox 646 3174 841 3242; x_wconf 74' lang='lat' dir='ltr'><strong>Metapontum</strong></span> <span class='ocrx_word' id='word_1_233' title='bbox 864 3171 944 3242; x_wconf 90' lang='lat' dir='ltr'><strong>cupit</strong></span> <span class='ocrx_word' id='word_1_234' title='bbox 967 3173 1080 3240; x_wconf 88' lang='lat' dir='ltr'><strong>uidere,</strong></span> <span class='ocrx_word' id='word_1_235' title='bbox 1104 3172 1298 3227; x_wconf 86' lang='lat' dir='ltr'><strong>ualetudinem</strong></span> <span class='ocrx_word' id='word_1_236' title='bbox 1325 3189 1359 3226; x_wconf 89' lang='lat' dir='ltr'><strong>ex</strong></span> <span class='ocrx_word' id='word_1_237' title='bbox 1387 3173 1455 3227; x_wconf 90' lang='lat' dir='ltr'><strong>solis</strong></span> <span class='ocrx_word' id='word_1_238' title='bbox 1483 3172 1582 3228; x_wconf 86' lang='lat' dir='ltr'><strong>ardore</strong></span> 
     </span>
     <span class='ocr_line' id='line_1_27' title="bbox 303 3242 1583 3314; baseline -0.002 -15"><span class='ocrx_word' id='word_1_239' title='bbox 303 3245 450 3299; x_wconf 84' lang='lat' dir='ltr'><strong>contraxit.</strong></span> <span class='ocrx_word' id='word_1_240' title='bbox 487 3261 515 3299; x_wconf 89' lang='lat' dir='ltr'><strong>se</strong></span> <span class='ocrx_word' id='word_1_241' title='bbox 536 3245 613 3298; x_wconf 86' lang='lat' dir='ltr'><strong>ultus</strong></span> <span class='ocrx_word' id='word_1_242' title='bbox 638 3247 681 3299; x_wconf 87' lang='lat' dir='ltr'><strong>est</strong></span> <span class='ocrx_word' id='word_1_243' title='bbox 704 3247 798 3300; x_wconf 87' lang='lat' dir='ltr'><strong>eutem</strong></span> <span class='ocrx_word' id='word_1_244' title='bbox 817 3243 949 3314; x_wconf 88' lang='lat' dir='ltr'><strong>Neapoli:</strong></span> <span class='ocrx_word' id='word_1_245' title='bbox 974 3243 1004 3298; x_wconf 90' lang='lat' dir='ltr'><strong>in</strong></span> <span class='ocrx_word' id='word_1_246' title='bbox 1028 3243 1105 3298; x_wconf 87' lang='lat' dir='ltr'><strong>cuius</strong></span> <span class='ocrx_word' id='word_1_247' title='bbox 1128 3244 1237 3298; x_wconf 88' lang='lat' dir='ltr'><strong>tumulo</strong></span> <span class='ocrx_word' id='word_1_248' title='bbox 1261 3243 1297 3298; x_wconf 88' lang='lat' dir='ltr'><strong>ab</strong></span> <span class='ocrx_word' id='word_1_249' title='bbox 1315 3242 1378 3312; x_wconf 85' lang='lat' dir='ltr'><strong>ipso</strong></span> <span class='ocrx_word' id='word_1_250' title='bbox 1397 3243 1583 3314; x_wconf 88' lang='lat' dir='ltr'><strong>compositum</strong></span> 
     </span>
     <span class='ocr_line' id='line_1_28' title="bbox 302 3263 1581 3385; baseline -0.002 -15"><span class='ocrx_word' id='word_1_251' title='bbox 302 3317 345 3370; x_wconf 80' lang='lat' dir='ltr'><strong>ert</strong></span> <span class='ocrx_word' id='word_1_252' title='bbox 362 3315 421 3370; x_wconf 81' lang='lat' dir='ltr'><strong>tale</strong></span> <span class='ocrx_word' id='word_1_253' title='bbox 440 3263 592 3370; x_wconf 74' lang='lat' dir='ltr'><strong>distichon:</strong></span> <span class='ocrx_word' id='word_1_254' title='bbox 610 3315 727 3371; x_wconf 84' lang='lat' dir='ltr'><strong>Mantua</strong></span> <span class='ocrx_word' id='word_1_255' title='bbox 744 3331 789 3370; x_wconf 89' lang='lat' dir='ltr'><strong>me</strong></span> <span class='ocrx_word' id='word_1_256' title='bbox 808 3315 918 3385; x_wconf 86' lang='lat' dir='ltr'><strong>genuit,</strong></span> <span class='ocrx_word' id='word_1_257' title='bbox 938 3313 1049 3368; x_wconf 78' lang='lat' dir='ltr'><strong>Calabri</strong></span> <span class='ocrx_word' id='word_1_258' title='bbox 1067 3331 1200 3384; x_wconf 89' lang='lat' dir='ltr'><strong>rapuere,</strong></span> <span class='ocrx_word' id='word_1_259' title='bbox 1218 3317 1297 3370; x_wconf 88' lang='lat' dir='ltr'><strong>tenet</strong></span> <span class='ocrx_word' id='word_1_260' title='bbox 1309 3331 1382 3369; x_wconf 90' lang='lat' dir='ltr'><strong>nunc</strong></span> <span class='ocrx_word' id='word_1_261' title='bbox 1395 3315 1581 3384; x_wconf 85' lang='lat' dir='ltr'><strong>Parthenope.</strong></span> 
     </span>
     <span class='ocr_line' id='line_1_29' title="bbox 303 3385 1582 3456; baseline 0 -16"><span class='ocrx_word' id='word_1_262' title='bbox 303 3387 392 3442; x_wconf 88' lang='lat' dir='ltr'><strong>cecini</strong></span> <span class='ocrx_word' id='word_1_263' title='bbox 409 3387 759 3456; x_wconf 72' lang='lat' dir='ltr'><strong>pascuaruraduccs.l1</strong></span> <span class='ocrx_word' id='word_1_264' title='bbox 777 3385 886 3440; x_wconf 80' lang='lat' dir='ltr'><strong>Titulus</strong></span> <span class='ocrx_word' id='word_1_265' title='bbox 905 3385 1036 3440; x_wconf 83' lang='lat' dir='ltr'><strong>carminis</strong></span> <span class='ocrx_word' id='word_1_266' title='bbox 1054 3388 1098 3440; x_wconf 88' lang='lat' dir='ltr'><strong>est</strong></span> <span class='ocrx_word' id='word_1_267' title='bbox 1111 3385 1213 3440; x_wconf 78' lang='lat' dir='ltr'><strong>Aeneis</strong></span> <span class='ocrx_word' id='word_1_268' title='bbox 1231 3427 1237 3440; x_wconf 93' lang='lat'>.</span> <span class='ocrx_word' id='word_1_269' title='bbox 1253 3427 1281 3440; x_wconf 95' lang='lat'><strong>..</strong></span> <span class='ocrx_word' id='word_1_270' title='bbox 1301 3387 1412 3440; x_wconf 84' lang='lat' dir='ltr'><strong>constat</strong></span> <span class='ocrx_word' id='word_1_271' title='bbox 1430 3402 1489 3440; x_wconf 85' lang='lat' dir='ltr'><strong>esse</strong></span> <span class='ocrx_word' id='word_1_272' title='bbox 1508 3401 1582 3440; x_wconf 88' lang='lat' dir='ltr'><strong>oern-</strong></span> 
     </span>
     <span class='ocr_line' id='line_1_30' title="bbox 302 3454 1582 3528; baseline -0.001 -16"><span class='ocrx_word' id='word_1_273' title='bbox 302 3457 426 3526; x_wconf 90' lang='lat' dir='ltr'><strong>positum</strong></span> <span class='ocrx_word' id='word_1_274' title='bbox 444 3458 523 3512; x_wconf 81' lang='lat' dir='ltr'><strong>habet</strong></span> <span class='ocrx_word' id='word_1_275' title='bbox 538 3457 565 3510; x_wconf 94' lang='lat' dir='ltr'><strong><em>P</em></strong></span> <span class='ocrx_word' id='word_1_276' title='bbox 581 3459 591 3526; x_wconf 90' lang='grc' dir='ltr'><strong>ΙΙ</strong></span> <span class='ocrx_word' id='word_1_277' title='bbox 610 3461 653 3512; x_wconf 87' lang='lat' dir='ltr'><strong>est</strong></span> <span class='ocrx_word' id='word_1_278' title='bbox 671 3457 786 3525; x_wconf 66' lang='grc'><strong>01111111</strong></span> <span class='ocrx_word' id='word_1_279' title='bbox 805 3456 928 3511; x_wconf 88' lang='lat' dir='ltr'><strong>aeneidis</strong></span> <span class='ocrx_word' id='word_1_280' title='bbox 948 3455 992 3524; x_wconf 79' lang='lat' dir='ltr'><strong>Ol</strong></span> <span class='ocrx_word' id='word_1_281' title='bbox 1010 3454 1191 3511; x_wconf 70' lang='lat' dir='ltr'><strong>dimnaticum</strong></span> <span class='ocrx_word' id='word_1_282' title='bbox 1206 3456 1270 3510; x_wconf 73' lang='grc' dir='ltr'><strong>ΒΗ</strong></span> <span class='ocrx_word' id='word_1_283' title='bbox 1279 3458 1290 3525; x_wconf 75' lang='lat' dir='ltr'><strong>l</strong></span> <span class='ocrx_word' id='word_1_284' title='bbox 1304 3457 1339 3510; x_wconf 86' lang='lat' dir='ltr'><strong>ab</strong></span> <span class='ocrx_word' id='word_1_285' title='bbox 1353 3457 1461 3528; x_wconf 83' lang='lat' dir='ltr'><strong>Aenea]</strong></span> <span class='ocrx_word' id='word_1_286' title='bbox 1481 3456 1582 3522; x_wconf 65' lang='lat' dir='ltr'><strong>aehae-</strong></span> 
     </span>
     <span class='ocr_line' id='line_1_31' title="bbox 301 3527 1583 3600; baseline 0.001 -18"><span class='ocrx_word' id='word_1_287' title='bbox 301 3545 356 3584; x_wconf 88' lang='lat' dir='ltr'><strong>nca</strong></span> <span class='ocrx_word' id='word_1_288' title='bbox 374 3529 427 3598; x_wconf 75' lang='grc' dir='ltr'><strong>ΘΙΙ</strong></span> <span class='ocrx_word' id='word_1_289' title='bbox 448 3535 462 3582; x_wconf 81' lang='lat'>2</span> <span class='ocrx_word' id='word_1_290' title='bbox 483 3527 522 3582; x_wconf 90' lang='lat' dir='ltr'><strong>sic</strong></span> <span class='ocrx_word' id='word_1_291' title='bbox 540 3544 591 3582; x_wconf 89' lang='lat' dir='ltr'><strong>om.</strong></span> <span class='ocrx_word' id='word_1_292' title='bbox 611 3527 660 3598; x_wconf 74' lang='grc'><strong>011</strong></span> <span class='ocrx_word' id='word_1_293' title='bbox 679 3528 769 3600; x_wconf 86' lang='lat' dir='ltr'><strong>rauci]</strong></span> <span class='ocrx_word' id='word_1_294' title='bbox 789 3545 839 3582; x_wconf 91' lang='lat' dir='ltr'><strong>rau</strong></span> <span class='ocrx_word' id='word_1_295' title='bbox 857 3528 883 3582; x_wconf 81' lang='lat' dir='ltr'><strong><em>G</em></strong></span> <span class='ocrx_word' id='word_1_296' title='bbox 911 3529 961 3583; x_wconf 89' lang='lat' dir='ltr'><strong>aut</strong></span> <span class='ocrx_word' id='word_1_297' title='bbox 979 3527 1019 3594; x_wconf 84' lang='lat' dir='ltr'><strong>L,</strong></span> <span class='ocrx_word' id='word_1_298' title='bbox 1037 3528 1084 3582; x_wconf 85' lang='lat' dir='ltr'><strong>sed</strong></span> <span class='ocrx_word' id='word_1_299' title='bbox 1101 3528 1192 3582; x_wconf 76' lang='lat' dir='ltr'><strong>codem</strong></span> <span class='ocrx_word' id='word_1_300' title='bbox 1210 3544 1309 3582; x_wconf 76' lang='lat' dir='ltr'><strong>monus</strong></span> <span class='ocrx_word' id='word_1_301' title='bbox 1327 3527 1405 3582; x_wconf 87' lang='lat' dir='ltr'><strong>rauci</strong></span> <span class='ocrx_word' id='word_1_302' title='bbox 1422 3543 1555 3596; x_wconf 68' lang='lat' dir='ltr'><strong>aspersos.</strong></span> <span class='ocrx_word' id='word_1_303' title='bbox 1573 3527 1583 3598; x_wconf 78' lang='grc' dir='ltr'><strong>ΙΙ</strong></span> 
     </span>
     <span class='ocr_line' id='line_1_32' title="bbox 303 3598 1584 3670; baseline 0 -18"><span class='ocrx_word' id='word_1_304' title='bbox 303 3602 369 3653; x_wconf 74' lang='lat' dir='ltr'><strong>eut</strong></span> <span class='ocrx_word' id='word_1_305' title='bbox 387 3601 466 3654; x_wconf 86' lang='lat' dir='ltr'><strong>actus</strong></span> <span class='ocrx_word' id='word_1_306' title='bbox 486 3599 535 3668; x_wconf 84' lang='grc' dir='ltr'><strong>ΒΙΙ</strong></span> <span class='ocrx_word' id='word_1_307' title='bbox 555 3605 570 3652; x_wconf 77' lang='lat'>5</span> <span class='ocrx_word' id='word_1_308' title='bbox 591 3615 653 3653; x_wconf 88' lang='lat' dir='ltr'><strong>cum</strong></span> <span class='ocrx_word' id='word_1_309' title='bbox 672 3599 757 3670; x_wconf 83' lang='lat' dir='ltr'><strong>fietis]</strong></span> <span class='ocrx_word' id='word_1_310' title='bbox 778 3599 903 3653; x_wconf 84' lang='lat' dir='ltr'><strong>confictis</strong></span> <span class='ocrx_word' id='word_1_311' title='bbox 921 3600 947 3652; x_wconf 85' lang='lat' dir='ltr'><strong><em>L</em></strong></span> <span class='ocrx_word' id='word_1_312' title='bbox 960 3601 970 3668; x_wconf 89' lang='lat' dir='ltr'><strong>l</strong></span> <span class='ocrx_word' id='word_1_313' title='bbox 988 3605 1004 3654; x_wconf 78' lang='grc'>6</span> <span class='ocrx_word' id='word_1_314' title='bbox 1023 3614 1140 3654; x_wconf 86' lang='lat' dir='ltr'><strong>aeneam</strong></span> <span class='ocrx_word' id='word_1_315' title='bbox 1159 3598 1212 3652; x_wconf 87' lang='lat' dir='ltr'><strong>CL</strong></span> <span class='ocrx_word' id='word_1_316' title='bbox 1238 3613 1345 3653; x_wconf 83' lang='lat' dir='ltr'><strong>aenean</strong></span> <span class='ocrx_word' id='word_1_317' title='bbox 1362 3599 1469 3668; x_wconf 74' lang='lat' dir='ltr'><strong>reliqui.</strong></span> <span class='ocrx_word' id='word_1_318' title='bbox 1506 3599 1584 3654; x_wconf 73' lang='lat' dir='ltr'><strong>sonet</strong></span> 
     </span>
     <span class='ocr_line' id='line_1_33' title="bbox 301 3669 1583 3739; baseline 0 -15"><span class='ocrx_word' id='word_1_319' title='bbox 301 3687 394 3725; x_wconf 75' lang='lat' dir='ltr'><strong>morico</strong></span> <span class='ocrx_word' id='word_1_320' title='bbox 414 3671 543 3724; x_wconf 82' lang='lat' dir='ltr'><strong>librarios</strong></span> <span class='ocrx_word' id='word_1_321' title='bbox 561 3672 593 3723; x_wconf 80' lang='lat' dir='ltr'><strong>in</strong></span> <span class='ocrx_word' id='word_1_322' title='bbox 610 3671 661 3724; x_wconf 84' lang='lat' dir='ltr'><strong>hoc</strong></span> <span class='ocrx_word' id='word_1_323' title='bbox 678 3672 770 3736; x_wconf 68' lang='lat' dir='ltr'><strong>forino</strong></span> <span class='ocrx_word' id='word_1_324' title='bbox 786 3671 931 3724; x_wconf 76' lang='lat' dir='ltr'><strong>scribendo</strong></span> <span class='ocrx_word' id='word_1_325' title='bbox 944 3686 1049 3739; x_wconf 83' lang='lat' dir='ltr'><strong>parum</strong></span> <span class='ocrx_word' id='word_1_326' title='bbox 1062 3670 1117 3724; x_wconf 85' lang='lat' dir='ltr'><strong>eibi</strong></span> <span class='ocrx_word' id='word_1_327' title='bbox 1132 3671 1290 3736; x_wconf 77' lang='lat' dir='ltr'><strong>constitisse,</strong></span> <span class='ocrx_word' id='word_1_328' title='bbox 1309 3675 1334 3722; x_wconf 82' lang='lat' dir='ltr'><strong>ct</strong></span> <span class='ocrx_word' id='word_1_329' title='bbox 1345 3669 1469 3724; x_wconf 83' lang='lat' dir='ltr'><strong>Aeneam</strong></span> <span class='ocrx_word' id='word_1_330' title='bbox 1483 3671 1583 3739; x_wconf 77' lang='lat' dir='ltr'><strong>utique</strong></span> 
     </span>
     <span class='ocr_line' id='line_1_34' title="bbox 301 3739 1582 3822; baseline -0.001 -27"><span class='ocrx_word' id='word_1_331' title='bbox 301 3758 342 3795; x_wconf 87' lang='lat' dir='ltr'><strong>me</strong></span> <span class='ocrx_word' id='word_1_332' title='bbox 359 3742 527 3822; x_wconf 80' lang='lat' dir='ltr'><strong>scriptarum</strong></span> <span class='ocrx_word' id='word_1_333' title='bbox 545 3756 599 3794; x_wconf 85' lang='lat' dir='ltr'><strong>esse</strong></span> <span class='ocrx_word' id='word_1_334' title='bbox 617 3741 749 3796; x_wconf 74' lang='lat' dir='ltr'><strong>ttbromm</strong></span> <span class='ocrx_word' id='word_1_335' title='bbox 767 3741 927 3796; x_wconf 73' lang='lat' dir='ltr'><strong>testimoniis</strong></span> <span class='ocrx_word' id='word_1_336' title='bbox 945 3757 1002 3796; x_wconf 75' lang='lat' dir='ltr'><strong>non</strong></span> <span class='ocrx_word' id='word_1_337' title='bbox 1019 3741 1131 3796; x_wconf 73' lang='lat' dir='ltr'><strong>additis.</strong></span> <span class='ocrx_word' id='word_1_338' title='bbox 1145 3742 1185 3810; x_wconf 74' lang='lat' dir='ltr'><strong>l⁸</strong></span> <span class='ocrx_word' id='word_1_339' title='bbox 1204 3739 1384 3809; x_wconf 84' lang='lat' dir='ltr'><strong>grandilocus</strong></span> <span class='ocrx_word' id='word_1_340' title='bbox 1401 3739 1457 3794; x_wconf 86' lang='lat' dir='ltr'><strong>GL</strong></span> <span class='ocrx_word' id='word_1_341' title='bbox 1470 3741 1509 3810; x_wconf 84' lang='lat' dir='ltr'><strong>l9</strong></span> <span class='ocrx_word' id='word_1_342' title='bbox 1529 3741 1582 3794; x_wconf 87' lang='lat' dir='ltr'><strong>sci-</strong></span> 
     </span>
     <span class='ocr_line' id='line_1_35' title="bbox 301 3810 1581 3882; baseline 0.001 -17"><span class='ocrx_word' id='word_1_343' title='bbox 301 3830 364 3865; x_wconf 91' lang='lat' dir='ltr'><strong>mus</strong></span> <span class='ocrx_word' id='word_1_344' title='bbox 378 3828 453 3866; x_wconf 87' lang='lat' dir='ltr'><strong>emm</strong></span> <span class='ocrx_word' id='word_1_345' title='bbox 467 3829 488 3866; x_wconf 85' lang='lat' dir='ltr'><strong>c.</strong></span> <span class='ocrx_word' id='word_1_346' title='bbox 503 3829 526 3880; x_wconf 82' lang='lat' dir='ltr'><strong>q.</strong></span> <span class='ocrx_word' id='word_1_347' title='bbox 541 3810 575 3882; x_wconf 83' lang='lat' dir='ltr'><strong>s]</strong></span> <span class='ocrx_word' id='word_1_348' title='bbox 595 3811 651 3865; x_wconf 89' lang='lat' dir='ltr'><strong>tria</strong></span> <span class='ocrx_word' id='word_1_349' title='bbox 664 3828 768 3882; x_wconf 89' lang='lat' dir='ltr'><strong>genera</strong></span> <span class='ocrx_word' id='word_1_350' title='bbox 782 3811 893 3866; x_wconf 87' lang='lat' dir='ltr'><strong>dicendi</strong></span> <span class='ocrx_word' id='word_1_351' title='bbox 906 3814 971 3866; x_wconf 87' lang='lat' dir='ltr'><strong>sunt</strong></span> <span class='ocrx_word' id='word_1_352' title='bbox 984 3828 1055 3880; x_wconf 82' lang='lat' dir='ltr'><strong>quae</strong></span> <span class='ocrx_word' id='word_1_353' title='bbox 1069 3811 1116 3866; x_wconf 89' lang='lat' dir='ltr'><strong>hie</strong></span> <span class='ocrx_word' id='word_1_354' title='bbox 1130 3811 1320 3878; x_wconf 86' lang='lat' dir='ltr'><strong>continentur,</strong></span> <span class='ocrx_word' id='word_1_355' title='bbox 1338 3811 1444 3865; x_wconf 88' lang='lat' dir='ltr'><strong>humile</strong></span> <span class='ocrx_word' id='word_1_356' title='bbox 1459 3811 1581 3866; x_wconf 88' lang='lat' dir='ltr'><strong>medium</strong></span> 
     </span>
     <span class='ocr_line' id='line_1_36' title="bbox 302 3881 1583 4022; baseline 0.001 -15"><span class='ocrx_word' id='word_1_357' title='bbox 302 3882 599 4007; x_wconf 61' lang='lat' dir='ltr'><strong>fflssi‘ilihii</strong></span> <span class='ocrx_word' id='word_1_358' title='bbox 605 3882 782 4008; x_wconf 50' lang='lat' dir='ltr'><strong>trehit</strong></span> <span class='ocrx_word' id='word_1_359' title='bbox 791 3881 1363 4022; x_wconf 52' lang='lat' dir='ltr'><strong>tererestereres</strong></span> <span class='ocrx_word' id='word_1_360' title='bbox 1380 3882 1583 4021; x_wconf 63' lang='lat' dir='ltr'><strong>{hethei</strong></span> 
     </span>
     <span class='ocr_line' id='line_1_37' title="bbox 303 3996 1581 4093; baseline 0 -15"><span class='ocrx_word' id='word_1_361' title='bbox 303 4065 352 4080; x_wconf 92' lang='lat'><strong>...</strong></span> <span class='ocrx_word' id='word_1_362' title='bbox 373 4025 485 4092; x_wconf 89' lang='lat' dir='ltr'><strong>tempus</strong></span> <span class='ocrx_word' id='word_1_363' title='bbox 500 4023 621 4078; x_wconf 77' lang='lat' dir='ltr'><strong>omittat.</strong></span> <span class='ocrx_word' id='word_1_364' title='bbox 649 4025 738 4079; x_wconf 87' lang='lat' dir='ltr'><strong>tribus</strong></span> <span class='ocrx_word' id='word_1_365' title='bbox 752 3996 947 4079; x_wconf 72' lang='lat' dir='ltr'><strong>modis’omnis</strong></span> <span class='ocrx_word' id='word_1_366' title='bbox 962 4023 1115 4078; x_wconf 86' lang='lat' dir='ltr'><strong>auctoritas</strong></span> <span class='ocrx_word' id='word_1_367' title='bbox 1134 4023 1246 4093; x_wconf 88' lang='lat' dir='ltr'><strong>poetica</strong></span> <span class='ocrx_word' id='word_1_368' title='bbox 1264 4024 1387 4090; x_wconf 81' lang='lat' dir='ltr'><strong>constat,</strong></span> <span class='ocrx_word' id='word_1_369' title='bbox 1406 4023 1581 4092; x_wconf 83' lang='lat' dir='ltr'><strong>praefatione</strong></span> 
     </span>
     <span class='ocr_line' id='line_1_38' title="bbox 301 4092 1581 4164; baseline 0.001 -16"><span class='ocrx_word' id='word_1_370' title='bbox 301 4095 479 4150; x_wconf 86' lang='lat' dir='ltr'><strong>inuocatione</strong></span> <span class='ocrx_word' id='word_1_371' title='bbox 498 4094 670 4162; x_wconf 84' lang='lat' dir='ltr'><strong>narratione,</strong></span> <span class='ocrx_word' id='word_1_372' title='bbox 693 4095 772 4150; x_wconf 87' lang='lat' dir='ltr'><strong>uelut</strong></span> <span class='ocrx_word' id='word_1_373' title='bbox 795 4095 842 4150; x_wconf 88' lang='lat' dir='ltr'><strong>hie</strong></span> <span class='ocrx_word' id='word_1_374' title='bbox 859 4095 999 4150; x_wconf 85' lang='lat' dir='ltr'><strong>habentur</strong></span> <span class='ocrx_word' id='word_1_375' title='bbox 1021 4094 1159 4164; x_wconf 84' lang='lat' dir='ltr'><strong>praefatio</strong></span> <span class='ocrx_word' id='word_1_376' title='bbox 1185 4095 1279 4148; x_wconf 84' lang='lat' dir='ltr'><strong>‘arma</strong></span> <span class='ocrx_word' id='word_1_377' title='bbox 1297 4092 1416 4161; x_wconf 87' lang='lat' dir='ltr'><strong>uirum’,</strong></span> <span class='ocrx_word' id='word_1_378' title='bbox 1438 4093 1581 4149; x_wconf 85' lang='lat' dir='ltr'><strong>inuocatio</strong></span> 
     </span>
     <span class='ocr_line' id='line_1_39' title="bbox 303 4163 1582 4235; baseline -0.002 -15"><span class='ocrx_word' id='word_1_379' title='bbox 303 4166 395 4220; x_wconf 82' lang='lat' dir='ltr'><strong>&#39;musa</strong></span> <span class='ocrx_word' id='word_1_380' title='bbox 413 4165 504 4234; x_wconf 89' lang='lat' dir='ltr'><strong>mihi’,</strong></span> <span class='ocrx_word' id='word_1_381' title='bbox 523 4165 647 4220; x_wconf 83' lang='lat' dir='ltr'><strong>narratio</strong></span> <span class='ocrx_word' id='word_1_382' title='bbox 668 4167 745 4221; x_wconf 90' lang='lat' dir='ltr'><strong>‘urbs</strong></span> <span class='ocrx_word' id='word_1_383' title='bbox 759 4167 876 4235; x_wconf 85' lang='lat' dir='ltr'><strong>antiqua</strong></span> <span class='ocrx_word' id='word_1_384' title='bbox 888 4165 965 4220; x_wconf 80' lang='lat' dir='ltr'><strong>fuit’.</strong></span> <span class='ocrx_word' id='word_1_385' title='bbox 982 4165 1031 4235; x_wconf 78' lang='lat' dir='ltr'><strong>Pu</strong></span> <span class='ocrx_word' id='word_1_386' title='bbox 1044 4181 1104 4221; x_wconf 83' lang='lat' dir='ltr'><strong>esse</strong></span> <span class='ocrx_word' id='word_1_387' title='bbox 1123 4182 1173 4220; x_wconf 88' lang='lat' dir='ltr'><strong>om.</strong></span> <span class='ocrx_word' id='word_1_388' title='bbox 1189 4165 1234 4234; x_wconf 81' lang='grc' dir='ltr'><strong>ΟΙΙ</strong></span> <span class='ocrx_word' id='word_1_389' title='bbox 1248 4163 1352 4218; x_wconf 87' lang='lat' dir='ltr'><strong>humile</strong></span> <span class='ocrx_word' id='word_1_390' title='bbox 1371 4179 1404 4218; x_wconf 74' lang='lat' dir='ltr'><strong>ca</strong></span> <span class='ocrx_word' id='word_1_391' title='bbox 1423 4164 1523 4218; x_wconf 89' lang='lat' dir='ltr'><strong>humili</strong></span> <span class='ocrx_word' id='word_1_392' title='bbox 1538 4165 1582 4234; x_wconf 70' lang='lat' dir='ltr'><strong>Gli</strong></span> 
     </span>
     <span class='ocr_line' id='line_1_40' title="bbox 303 4235 1582 4308; baseline 0 -18"><span class='ocrx_word' id='word_1_393' title='bbox 303 4243 336 4291; x_wconf 91' lang='lat'><strong>10</strong></span> <span class='ocrx_word' id='word_1_394' title='bbox 354 4237 490 4307; x_wconf 88' lang='lat' dir='ltr'><strong>medium]</strong></span> <span class='ocrx_word' id='word_1_395' title='bbox 510 4237 539 4291; x_wconf 87' lang='lat' dir='ltr'><strong>id</strong></span> <span class='ocrx_word' id='word_1_396' title='bbox 554 4237 580 4292; x_wconf 79' lang='lat' dir='ltr'><em>G</em></span> <span class='ocrx_word' id='word_1_397' title='bbox 593 4237 603 4306; x_wconf 91' lang='lat' dir='ltr'><strong>l</strong></span> <span class='ocrx_word' id='word_1_398' title='bbox 616 4237 823 4308; x_wconf 84' lang='lat' dir='ltr'><strong>grandiloqium</strong></span> <span class='ocrx_word' id='word_1_399' title='bbox 837 4238 864 4291; x_wconf 89' lang='lat' dir='ltr'><strong><em>B</em></strong></span> <span class='ocrx_word' id='word_1_400' title='bbox 893 4237 1092 4307; x_wconf 81' lang='lat' dir='ltr'><strong>grandiloqum</strong></span> <span class='ocrx_word' id='word_1_401' title='bbox 1107 4235 1225 4305; x_wconf 75' lang='lat' dir='ltr'><strong>Otpost</strong></span> <span class='ocrx_word' id='word_1_402' title='bbox 1242 4235 1362 4289; x_wconf 84' lang='lat' dir='ltr'><strong>intentio</strong></span> <span class='ocrx_word' id='word_1_403' title='bbox 1380 4237 1453 4290; x_wconf 76' lang='lat' dir='ltr'><strong>duce</strong></span> <span class='ocrx_word' id='word_1_404' title='bbox 1469 4237 1511 4289; x_wconf 82' lang='lat' dir='ltr'><strong>cet</strong></span> <span class='ocrx_word' id='word_1_405' title='bbox 1529 4241 1582 4290; x_wconf 80' lang='lat' dir='ltr'><strong>tres</strong></span> 
     </span>
     <span class='ocr_line' id='line_1_41' title="bbox 302 4305 1581 4390; baseline 0 -29"><span class='ocrx_word' id='word_1_406' title='bbox 302 4308 407 4363; x_wconf 76' lang='lat' dir='ltr'><strong>litteras</strong></span> <span class='ocrx_word' id='word_1_407' title='bbox 425 4323 518 4364; x_wconf 64' lang='lat' dir='ltr'><strong>musae</strong></span> <span class='ocrx_word' id='word_1_408' title='bbox 535 4313 601 4363; x_wconf 68' lang='lat' dir='ltr'><strong>suet</strong></span> <span class='ocrx_word' id='word_1_409' title='bbox 618 4310 651 4363; x_wconf 79' lang='lat' dir='ltr'><strong>ia</strong></span> <span class='ocrx_word' id='word_1_410' title='bbox 670 4307 720 4378; x_wconf 81' lang='grc'><strong>011</strong></span> <span class='ocrx_word' id='word_1_411' title='bbox 744 4316 776 4362; x_wconf 92' lang='grc'><strong>11</strong></span> <span class='ocrx_word' id='word_1_412' title='bbox 796 4308 878 4362; x_wconf 83' lang='lat' dir='ltr'><strong>Atiae</strong></span> <span class='ocrx_word' id='word_1_413' title='bbox 898 4307 933 4363; x_wconf 81' lang='lat'><strong>0:</strong></span> <span class='ocrx_word' id='word_1_414' title='bbox 953 4306 1029 4362; x_wconf 88' lang='lat' dir='ltr'><strong>atiae</strong></span> <span class='ocrx_word' id='word_1_415' title='bbox 1046 4307 1088 4374; x_wconf 86' lang='lat' dir='ltr'><strong>B,</strong></span> <span class='ocrx_word' id='word_1_416' title='bbox 1105 4309 1152 4362; x_wconf 83' lang='lat' dir='ltr'><strong>sed</strong></span> <span class='ocrx_word' id='word_1_417' title='bbox 1169 4307 1241 4361; x_wconf 80' lang='lat' dir='ltr'><strong>inter</strong></span> <span class='ocrx_word' id='word_1_418' title='bbox 1258 4323 1277 4361; x_wconf 89' lang='lat' dir='ltr'><strong>a</strong></span> <span class='ocrx_word' id='word_1_419' title='bbox 1294 4311 1319 4361; x_wconf 84' lang='lat' dir='ltr'><strong>et</strong></span> <span class='ocrx_word' id='word_1_420' title='bbox 1336 4307 1350 4358; x_wconf 89' lang='lat' dir='ltr'><strong>t</strong></span> <span class='ocrx_word' id='word_1_421' title='bbox 1368 4323 1382 4359; x_wconf 88' lang='lat' dir='ltr'><strong>c</strong></span> <span class='ocrx_word' id='word_1_422' title='bbox 1401 4307 1442 4360; x_wconf 85' lang='lat' dir='ltr'><strong>cet</strong></span> <span class='ocrx_word' id='word_1_423' title='bbox 1460 4305 1581 4390; x_wconf 74' lang='lat' dir='ltr'><strong>isuper-</strong></span> 
     </span>
    </p>
   </div>
   <div class='ocr_carea' id='block_1_6' title="bbox 300 4407 1585 4945">
    <p class='ocr_par' dir='ltr' id='par_1_6' title="bbox 1056 4407 1413 4436">
     <span class='ocr_line' id='line_1_42' title="bbox 1056 4407 1413 4436; baseline -0.011 0"><span class='ocrx_word' id='word_1_424' title='bbox 1056 4407 1068 4436; x_wconf 68' lang='grc' dir='ltr'><strong>ΰ</strong></span> <span class='ocrx_word' id='word_1_425' title='bbox 1409 4423 1413 4432; x_wconf 77' lang='grc'>.</span> 
     </span>
    </p>

    <p class='ocr_par' dir='ltr' id='par_1_7' title="bbox 300 4445 1585 4945">
     <span class='ocr_line' id='line_1_43' title="bbox 300 4445 1564 4520; baseline -0.003 -15"><span class='ocrx_word' id='word_1_426' title='bbox 300 4451 412 4519; x_wconf 72' lang='lat' dir='ltr'><strong>scripto,</strong></span> <span class='ocrx_word' id='word_1_427' title='bbox 426 4450 515 4504; x_wconf 82' lang='lat' dir='ltr'><strong>estias</strong></span> <span class='ocrx_word' id='word_1_428' title='bbox 530 4449 637 4520; x_wconf 78' lang='lat' dir='ltr'><strong>GLH,</strong></span> <span class='ocrx_word' id='word_1_429' title='bbox 655 4451 713 4505; x_wconf 77' lang='lat' dir='ltr'><strong>nisi</strong></span> <span class='ocrx_word' id='word_1_430' title='bbox 726 4450 798 4520; x_wconf 80' lang='lat' dir='ltr'><strong>qaod</strong></span> <span class='ocrx_word' id='word_1_431' title='bbox 811 4448 916 4504; x_wconf 69' lang='lat' dir='ltr'><strong>terma</strong></span> <span class='ocrx_word' id='word_1_432' title='bbox 933 4449 965 4503; x_wconf 79' lang='lat' dir='ltr'><strong>ia</strong></span> <span class='ocrx_word' id='word_1_433' title='bbox 979 4448 1019 4514; x_wconf 84' lang='lat' dir='ltr'><strong>H,</strong></span> <span class='ocrx_word' id='word_1_434' title='bbox 1046 4447 1121 4502; x_wconf 88' lang='lat' dir='ltr'><strong>atiae</strong></span> <span class='ocrx_word' id='word_1_435' title='bbox 1138 4447 1230 4503; x_wconf 85' lang='lat' dir='ltr'><strong>Paris.</strong></span> <span class='ocrx_word' id='word_1_436' title='bbox 1258 4447 1349 4502; x_wconf 82' lang='lat' dir='ltr'><strong>actiae</strong></span> <span class='ocrx_word' id='word_1_437' title='bbox 1365 4448 1403 4501; x_wconf 85' lang='lat' dir='ltr'><em>M</em></span> <span class='ocrx_word' id='word_1_438' title='bbox 1427 4445 1519 4502; x_wconf 88' lang='lat' dir='ltr'><strong>actiae</strong></span> <span class='ocrx_word' id='word_1_439' title='bbox 1533 4448 1564 4501; x_wconf 83' lang='lat' dir='ltr'><strong><em>E</em></strong></span> 
     </span>
     <span class='ocr_line' id='line_1_44' title="bbox 300 4519 1568 4590; baseline -0.002 -14"><span class='ocrx_word' id='word_1_440' title='bbox 300 4537 372 4589; x_wconf 88' lang='lat' dir='ltr'><strong>quae</strong></span> <span class='ocrx_word' id='word_1_441' title='bbox 384 4522 463 4582; x_wconf 79' lang='lat' dir='ltr'><strong>natal</strong></span> <span class='ocrx_word' id='word_1_442' title='bbox 479 4521 527 4589; x_wconf 89' lang='lat' dir='ltr'><strong>qui</strong></span> <span class='ocrx_word' id='word_1_443' title='bbox 540 4524 623 4576; x_wconf 88' lang='lat' dir='ltr'><strong>natus</strong></span> <span class='ocrx_word' id='word_1_444' title='bbox 639 4519 673 4588; x_wconf 81' lang='lat'><strong>0,</strong></span> <span class='ocrx_word' id='word_1_445' title='bbox 690 4523 737 4576; x_wconf 83' lang='lat' dir='ltr'><strong>sed</strong></span> <span class='ocrx_word' id='word_1_446' title='bbox 750 4519 799 4590; x_wconf 90' lang='lat' dir='ltr'><strong>qui</strong></span> <span class='ocrx_word' id='word_1_447' title='bbox 812 4524 946 4574; x_wconf 79' lang='lat' dir='ltr'><strong>mutatum</strong></span> <span class='ocrx_word' id='word_1_448' title='bbox 960 4521 993 4574; x_wconf 79' lang='lat' dir='ltr'><strong>in</strong></span> <span class='ocrx_word' id='word_1_449' title='bbox 1006 4535 1060 4588; x_wconf 87' lang='lat' dir='ltr'><strong>qne</strong></span> <span class='ocrx_word' id='word_1_450' title='bbox 1075 4524 1100 4572; x_wconf 82' lang='lat' dir='ltr'><strong>ct</strong></span> <span class='ocrx_word' id='word_1_451' title='bbox 1112 4536 1145 4572; x_wconf 88' lang='lat' dir='ltr'><strong>us</strong></span> <span class='ocrx_word' id='word_1_452' title='bbox 1160 4519 1264 4574; x_wconf 81' lang='lat' dir='ltr'><strong>litterae</strong></span> <span class='ocrx_word' id='word_1_453' title='bbox 1277 4535 1372 4574; x_wconf 74' lang='grc' dir='ltr'><em>θναεαο</em></span> <span class='ocrx_word' id='word_1_454' title='bbox 1384 4519 1394 4586; x_wconf 93' lang='grc' dir='ltr'><strong>ΙΙ</strong></span> <span class='ocrx_word' id='word_1_455' title='bbox 1409 4524 1441 4572; x_wconf 87' lang='lat'><strong>13</strong></span> <span class='ocrx_word' id='word_1_456' title='bbox 1455 4519 1568 4574; x_wconf 81' lang='lat' dir='ltr'><strong>Aeneae</strong></span> 
     </span>
     <span class='ocr_line' id='line_1_45' title="bbox 301 4585 1551 4660; baseline -0.002 -14"><span class='ocrx_word' id='word_1_457' title='bbox 301 4607 404 4647; x_wconf 89' lang='lat' dir='ltr'><strong>aeneae</strong></span> <span class='ocrx_word' id='word_1_458' title='bbox 430 4585 488 4646; x_wconf 82' lang='lat' dir='ltr'><strong>filio</strong></span> <span class='ocrx_word' id='word_1_459' title='bbox 506 4593 578 4660; x_wconf 78' lang='lat' dir='ltr'><strong>BG,</strong></span> <span class='ocrx_word' id='word_1_460' title='bbox 605 4593 652 4648; x_wconf 80' lang='lat' dir='ltr'><strong>sed</strong></span> <span class='ocrx_word' id='word_1_461' title='bbox 679 4592 737 4645; x_wconf 88' lang='lat' dir='ltr'><strong>filio</strong></span> <span class='ocrx_word' id='word_1_462' title='bbox 759 4592 794 4645; x_wconf 83' lang='lat' dir='ltr'><strong>oh</strong></span> <span class='ocrx_word' id='word_1_463' title='bbox 818 4591 877 4645; x_wconf 83' lang='lat' dir='ltr'><strong>utic</strong></span> <span class='ocrx_word' id='word_1_464' title='bbox 899 4607 985 4650; x_wconf 79' lang='lat' dir='ltr'><strong>muna</strong></span> <span class='ocrx_word' id='word_1_465' title='bbox 1007 4591 1133 4645; x_wconf 74' lang='lat' dir='ltr'><strong>additam</strong></span> <span class='ocrx_word' id='word_1_466' title='bbox 1159 4590 1267 4644; x_wconf 60' lang='lat' dir='ltr'><strong>videar</strong></span> <span class='ocrx_word' id='word_1_467' title='bbox 1293 4591 1325 4643; x_wconf 80' lang='lat' dir='ltr'><strong>in</strong></span> <span class='ocrx_word' id='word_1_468' title='bbox 1349 4587 1375 4643; x_wconf 73' lang='lat' dir='ltr'><em>G</em></span> <span class='ocrx_word' id='word_1_469' title='bbox 1402 4591 1432 4642; x_wconf 84' lang='lat' dir='ltr'><strong>et</strong></span> <span class='ocrx_word' id='word_1_470' title='bbox 1454 4588 1551 4644; x_wconf 82' lang='lat' dir='ltr'><strong>eenea&#39;</strong></span> 
     </span>
     <span class='ocr_line' id='line_1_46' title="bbox 301 4659 1585 4734; baseline -0.002 -17"><span class='ocrx_word' id='word_1_471' title='bbox 301 4663 418 4734; x_wconf 67' lang='lat' dir='ltr'><strong>eneeslsss</strong></span> <span class='ocrx_word' id='word_1_472' title='bbox 433 4662 468 4716; x_wconf 88' lang='lat' dir='ltr'><strong><em>H</em></strong></span> <span class='ocrx_word' id='word_1_473' title='bbox 482 4663 564 4729; x_wconf 77' lang='lat' dir='ltr'><strong>(duos</strong></span> <span class='ocrx_word' id='word_1_474' title='bbox 578 4665 684 4718; x_wconf 83' lang='lat' dir='ltr'><strong>litterae</strong></span> <span class='ocrx_word' id='word_1_475' title='bbox 697 4679 791 4717; x_wconf 83' lang='lat' dir='ltr'><strong>crosae</strong></span> <span class='ocrx_word' id='word_1_476' title='bbox 803 4667 878 4730; x_wconf 80' lang='lat' dir='ltr'><strong>suut)</strong></span> <span class='ocrx_word' id='word_1_477' title='bbox 892 4662 902 4730; x_wconf 75' lang='lat' dir='ltr'><strong>l</strong></span> <span class='ocrx_word' id='word_1_478' title='bbox 916 4661 957 4716; x_wconf 91' lang='lat' dir='ltr'><strong>ori</strong></span> <span class='ocrx_word' id='word_1_479' title='bbox 981 4661 986 4671; x_wconf 93' lang='lat'>&#39;</span> <span class='ocrx_word' id='word_1_480' title='bbox 1008 4677 1052 4715; x_wconf 91' lang='lat' dir='ltr'><strong>em</strong></span> <span class='ocrx_word' id='word_1_481' title='bbox 1071 4677 1121 4716; x_wconf 83' lang='lat' dir='ltr'><strong>orn.</strong></span> <span class='ocrx_word' id='word_1_482' title='bbox 1137 4660 1170 4714; x_wconf 89' lang='lat' dir='ltr'><em>H</em></span> <span class='ocrx_word' id='word_1_483' title='bbox 1180 4662 1190 4730; x_wconf 76' lang='lat' dir='ltr'><strong>l</strong></span> <span class='ocrx_word' id='word_1_484' title='bbox 1200 4667 1238 4728; x_wconf 83' lang='grc' dir='ltr'><strong>Ι14</strong></span> <span class='ocrx_word' id='word_1_485' title='bbox 1257 4659 1402 4714; x_wconf 85' lang='lat' dir='ltr'><strong>dimissum</strong></span> <span class='ocrx_word' id='word_1_486' title='bbox 1415 4659 1543 4714; x_wconf 83' lang='lat' dir='ltr'><strong>BPoris.</strong></span> <span class='ocrx_word' id='word_1_487' title='bbox 1551 4661 1585 4714; x_wconf 88' lang='lat' dir='ltr'><em>H</em></span> 
     </span>
     <span class='ocr_line' id='line_1_47' title="bbox 301 4730 1581 4804; baseline -0.002 -16"><span class='ocrx_word' id='word_1_488' title='bbox 301 4736 418 4788; x_wconf 80' lang='lat' dir='ltr'><strong>missum</strong></span> <span class='ocrx_word' id='word_1_489' title='bbox 436 4733 488 4802; x_wconf 72' lang='lat' dir='ltr'><strong>El</strong></span> <span class='ocrx_word' id='word_1_490' title='bbox 503 4739 536 4787; x_wconf 84' lang='lat' dir='ltr'><strong>1s</strong></span> <span class='ocrx_word' id='word_1_491' title='bbox 555 4733 658 4804; x_wconf 84' lang='lat' dir='ltr'><strong>uiginti</strong></span> <span class='ocrx_word' id='word_1_492' title='bbox 676 4736 705 4788; x_wconf 88' lang='lat' dir='ltr'><strong>et</strong></span> <span class='ocrx_word' id='word_1_493' title='bbox 722 4749 807 4788; x_wconf 86' lang='lat' dir='ltr'><strong>unam</strong></span> <span class='ocrx_word' id='word_1_494' title='bbox 826 4731 937 4787; x_wconf 82' lang='lat' dir='ltr'><strong>fabulas</strong></span> <span class='ocrx_word' id='word_1_495' title='bbox 988 4731 1159 4786; x_wconf 66' lang='lat' dir='ltr'><strong>PaneGM</strong></span> <span class='ocrx_word' id='word_1_496' title='bbox 1184 4730 1288 4800; x_wconf 82' lang='lat' dir='ltr'><strong>uiginti</strong></span> <span class='ocrx_word' id='word_1_497' title='bbox 1307 4733 1336 4785; x_wconf 89' lang='lat' dir='ltr'><strong>et</strong></span> <span class='ocrx_word' id='word_1_498' title='bbox 1354 4747 1437 4784; x_wconf 88' lang='lat' dir='ltr'><strong>unam</strong></span> <span class='ocrx_word' id='word_1_499' title='bbox 1455 4731 1581 4786; x_wconf 82' lang='lat' dir='ltr'><strong>fabulam</strong></span> 
     </span>
     <span class='ocr_line' id='line_1_48' title="bbox 301 4801 1581 4874; baseline -0.001 -17"><span class='ocrx_word' id='word_1_500' title='bbox 301 4804 398 4857; x_wconf 80' lang='lat' dir='ltr'><strong>LHE</strong></span> <span class='ocrx_word' id='word_1_501' title='bbox 423 4803 535 4857; x_wconf 81' lang='lat' dir='ltr'><strong>fabulas</strong></span> <span class='ocrx_word' id='word_1_502' title='bbox 553 4805 694 4874; x_wconf 87' lang='lat' dir='ltr'><strong>scripsisse</strong></span> <span class='ocrx_word' id='word_1_503' title='bbox 708 4805 773 4858; x_wconf 87' lang='lat' dir='ltr'><strong>XXI</strong></span> <span class='ocrx_word' id='word_1_504' title='bbox 789 4803 879 4873; x_wconf 79' lang='grc'>01117</span> <span class='ocrx_word' id='word_1_505' title='bbox 895 4803 1075 4858; x_wconf 80' lang='lat' dir='ltr'><strong>manifestum</strong></span> <span class='ocrx_word' id='word_1_506' title='bbox 1088 4802 1115 4856; x_wconf 88' lang='lat' dir='ltr'><em>L</em></span> <span class='ocrx_word' id='word_1_507' title='bbox 1133 4804 1213 4872; x_wconf 81' lang='lat' dir='ltr'><strong>(corr.</strong></span> <span class='ocrx_word' id='word_1_508' title='bbox 1228 4803 1249 4871; x_wconf 84' lang='lat'><strong>1)</strong></span> <span class='ocrx_word' id='word_1_509' title='bbox 1262 4803 1272 4870; x_wconf 88' lang='grc' dir='ltr'><strong>ΙΙ</strong></span> <span class='ocrx_word' id='word_1_510' title='bbox 1288 4808 1320 4856; x_wconf 87' lang='lat'><strong>18</strong></span> <span class='ocrx_word' id='word_1_511' title='bbox 1338 4801 1441 4871; x_wconf 91' lang='lat' dir='ltr'><strong>primo]</strong></span> <span class='ocrx_word' id='word_1_512' title='bbox 1460 4802 1581 4872; x_wconf 87' lang='lat' dir='ltr'><strong>primum</strong></span> 
     </span>
     <span class='ocr_line' id='line_1_49' title="bbox 300 4871 1536 4945; baseline -0.002 -17"><span class='ocrx_word' id='word_1_513' title='bbox 300 4875 349 4945; x_wconf 76' lang='lat' dir='ltr'><strong>Ll</strong></span> <span class='ocrx_word' id='word_1_514' title='bbox 366 4881 396 4929; x_wconf 85' lang='grc'><strong>19</strong></span> <span class='ocrx_word' id='word_1_515' title='bbox 416 4874 543 4930; x_wconf 84' lang='lat' dir='ltr'><strong>condidit</strong></span> <span class='ocrx_word' id='word_1_516' title='bbox 560 4875 586 4930; x_wconf 84' lang='lat' dir='ltr'><em>G</em></span> <span class='ocrx_word' id='word_1_517' title='bbox 614 4875 716 4931; x_wconf 87' lang='lat' dir='ltr'><strong>cecidit</strong></span> <span class='ocrx_word' id='word_1_518' title='bbox 734 4875 763 4928; x_wconf 85' lang='lat' dir='ltr'><strong><em>E</em></strong></span> <span class='ocrx_word' id='word_1_519' title='bbox 790 4873 924 4944; x_wconf 88' lang='lat' dir='ltr'><strong>(concidit</strong></span> <span class='ocrx_word' id='word_1_520' title='bbox 941 4878 965 4943; x_wconf 86' lang='lat' dir='ltr'><strong>e)</strong></span> <span class='ocrx_word' id='word_1_521' title='bbox 978 4876 988 4943; x_wconf 90' lang='lat' dir='ltr'><strong>l</strong></span> <span class='ocrx_word' id='word_1_522' title='bbox 1001 4876 1101 4944; x_wconf 86' lang='lat' dir='ltr'><strong>postea</strong></span> <span class='ocrx_word' id='word_1_523' title='bbox 1118 4873 1146 4927; x_wconf 92' lang='lat' dir='ltr'><em>B</em></span> <span class='ocrx_word' id='word_1_524' title='bbox 1159 4874 1169 4941; x_wconf 91' lang='grc' dir='ltr'><strong>ΙΙ</strong></span> <span class='ocrx_word' id='word_1_525' title='bbox 1183 4873 1289 4927; x_wconf 87' lang='lat' dir='ltr'><strong>eraruit</strong></span> <span class='ocrx_word' id='word_1_526' title='bbox 1306 4871 1403 4941; x_wconf 74' lang='lat' dir='ltr'><strong>Gneo</strong></span> <span class='ocrx_word' id='word_1_527' title='bbox 1423 4875 1483 4927; x_wconf 88' lang='lat' dir='ltr'><strong>arte</strong></span> <span class='ocrx_word' id='word_1_528' title='bbox 1502 4873 1536 4926; x_wconf 83' lang='grc' dir='ltr'><strong>ΙΙ</strong></span> 
     </span>
    </p>
   </div>
   <div class='ocr_carea' id='block_1_7' title="bbox 0 0 1800 5558">
    <p class='ocr_par' dir='ltr' id='par_1_8' title="bbox 0 0 1800 5558">
     <span class='ocr_line' id='line_1_50' title="bbox 0 0 1800 5558; baseline 0 1"><span class='ocrx_word' id='word_1_529' title='bbox 0 0 1800 5558; x_wconf 95' lang='lat' dir='ltr'><strong> </strong></span> 
     </span>
    </p>
   </div>
  </div>
 </body>
</html>
