3626 5558
343 455 408 522 388
922 459 1041 515 seuva

342 622 391 684 nti
412 625 592 686 avertantur
613 621 712 698 mola,
735 620 823 686 aciaco
841 623 887 686 rei
905 643 1000 688 causa
1021 623 1056 687 ici
1075 623 1263 706 sacrificinm
1283 623 1435 706 anpnrote
1452 625 1624 706 pacatur,

342 731 377 790 nt
394 726 443 791 tic
460 728 497 792 de
514 728 651 810 anenno
669 727 874 811 harpyiarum
892 729 1081 794 invocatione
1097 733 1236 811 urscmta
1259 725 1321 792 ‘dii
1333 727 1489 811 protracte
1501 729 1623 795 minas'

342 837 371 898 ct
392 837 496 898 cetera.
564 851 737 899 Aveurrre
758 851 871 900 cosvn
895 835 989 919 bene,
1014 836 1114 900 etiam
1133 835 1162 900 si
1181 835 1363 918 contingat,
1387 856 1498 900 ossum
1520 835 1623 900 credit

343 961 421 1022 esse,
443 962 510 1006 non
532 941 699 1006 ultionem.
731 945 788 1004 ant
809 946 885 1006 certe
908 943 974 1007 idco
998 940 1146 1020 ‘casnm'‚
1168 945 1237 1023 †ne
1258 941 1287 1006 si
1307 941 1420 1022 fatales
1441 943 1538 1007 coorti
1560 963 1622 1007 non

307 1048 444 1128 opossit.
482 1046 620 1113 ‘marm’
643 1052 758 1132 onam,
781 1047 816 1112 io
837 1049 1087 1130 aripatorium
1111 1049 1192 1114 nan
1212 1053 1256 1114 est
1278 1049 1361 1114 caim
1380 1049 1466 1129 sance
1484 1050 1622 1131 monins,

341 1155 423 1236 qnod
439 1154 487 1218 ait
497 1160 607 1237 postca
620 1153 728 1236 <367>
747 1153 1007 1236 obscenamque
1027 1156 1174 1238 famem,
1197 1174 1289 1236 qnae
1304 1156 1434 1238 primo
1449 1156 1623 1237 pericrcla

341 1261 424 1325 aito.
468 1261 638 1326 Sallustius
669 1261 729 1326 sin
760 1262 817 1326 uis
849 1261 1018 1339 obsistat,
1048 1261 1165 1345 ferro,
1201 1281 1311 1343 qaam
1339 1263 1438 1341 same
1468 1265 1624 1344 acquina

337 1369 536 1450 perituros.
626 1383 785 1433 snuvurn
814 1383 890 1433 rros
923 1371 1056 1451 propter
1087 1367 1175 1432 iacta
1205 1367 1371 1433 sacrificis.
1418 1370 1525 1434 merito
1552 1390 1622 1452 erpo

341 1479 457 1540 cerame
474 1471 557 1560 (nos)
580 1475 635 1557 qni
651 1476 703 1557 pii
724 1495 846 1558 snrnnc,
868 1472 1089 1557 or<V1121>
1112 1495 1203 1557 qaae
1225 1495 1268 1540 ne
1290 1479 1456 1540 monstra
1473 1477 1535 1557 pii
1554 1497 1621 1558 pa-

291 1594 324 1644 10
344 1585 512 1646 terantur
535 1582 631 1646 tolia
655 1581 774 1648 Troes.

431 1688 504 1752 269.
541 1705 752 1766 vaurvsova
770 1704 1076 1765 cvaasurrouova
1095 1703 1257 1753 vocarer
1280 1688 1449 1754 honestius
1472 1689 1535 1753 hac
1557 1689 1620 1754 elo-

342 1795 471 1860 cutione
507 1816 566 1878 per
600 1795 760 1879 pluralem
794 1795 917 1860 utimur
948 1816 1131 1882 numerum,
1167 1795 1245 1860 licet
1276 1796 1381 1880 possit
1414 1800 1447 1860 et
1478 1795 1619 1881 singula-

342 1902 387 1966 ris
413 1923 492 1967 esse.

431 2008 505 2073 270.
541 2033 634 2075 nroro
654 2033 786 2074 rrrrusr
801 2033 917 2074 rrrcrr
933 2009 1023 2074 inccta
1040 2028 1155 2073 morem
1172 2009 1362 2074 armanum
1379 2009 1462 2074 omit
1480 2007 1621 2089 ‘modio',

289 2125 321 2175 15
340 2119 376 2180 nt
401 2115 430 2180 si
456 2116 595 2180 dicatam
623 2113 674 2178 ‘in
696 2115 794 2179 nndio
817 2115 901 2178 rnarr'
923 2115 1127 2198 narcsropinnr
1151 2113 1249 2198 secit',
1278 2135 1347 2180 cnm
1374 2113 1529 2180 interdum
1555 2137 1620 2182 non

340 2221 428 2305 tropo
453 2242 474 2285 a
501 2222 589 2286 litore
616 2221 770 2304 continpit.
859 2238 1048 2288 unuoaosr
1076 2237 1282 2288 necrurnos
1310 2220 1434 2286 insulas
1463 2221 1620 2288 Graeciae

340 2332 580 2393 commemorat.
621 2327 679 2392 hoe
701 2347 804 2392 annes
826 2327 947 2393 insulae
970 2327 1119 2394 Graeciae
1140 2333 1225 2412 snnt,
1247 2347 1325 2410 qnae
1343 2327 1516 2392 Horreorum
1537 2349 1619 2396 scar-

340 2440 390 2500 tus
418 2434 547 2500 mutatis
574 2437 695 2498 tantam
722 2433 984 2499 coniunctionibus
1010 2435 1046 2498 de
1069 2433 1186 2498 Graeco
1213 2435 1249 2498 in
1271 2435 1424 2499 Latinum
1451 2437 1619 2502 trarntntit

341 2539 532 2606 ‘mnaso'
555 2545 658 2605 annm
679 2533 827 2622 ὑλήεσσα
851 2535 1031 2617 Ζάκυνθος
1053 2545 1275 2606 commemorat.

287 2661 321 2711 20
429 2647 502 2712 271.
539 2663 703 2724 saneque
721 2643 950 2730 Cephalleniae
969 2648 1077 2712 ciuitas
1096 2649 1145 2712 est
1163 2647 1242 2712 ista:
1265 2669 1340 2712 nam
1357 2646 1470 2713 Samos
1490 2647 1619 2715 inAsia

340 2757 398 2818 est
485 2779 607 2821 uaurros
628 2773 716 2819 mons
738 2753 873 2819 Ithacae.

429 2860 504 2925 272.
540 2877 738 2926 erevernvs
769 2861 947 2926 transimus
976 2861 1131 2926 celeriter.
1222 2878 1516 2928 nannetensem
1539 2863 1618 2928 inri-

341 2967 438 3046 sorie,
468 2989 541 3032 cum
568 2968 772 3052 praemiserit
800 2966 963 3053 scopulos,
992 2967 1197 3052 ut<1139>
1226 2967 1399 3033 inmania
1427 2991 1531 3053 saxa,
1557 2993 1620 3036 ue-

339 3076 458 3157 stras,
481 3073 594 3159 Eure,
618 3075 759 3140 domos.

288 3193 321 3242 aa
429 3180 503 3244 274.
540 3196 724 3245 anuceria
747 3197 902 3246 uruaosu
926 3197 1104 3246 crcvurun
1128 3197 1257 3246 nouus
1286 3179 1429 3247 Leucata
1451 3205 1543 3248 mons
1568 3188 1620 3249 ost
1725 3227 1732 3234 -

340 3286 531 3370 altissimus,
549 3307 646 3371 prope
659 3287 860 3372 paeninsula,
880 3287 914 3350 in
932 3285 1176 3370 promunctorio
1190 3285 1285 3371 Epiri
1303 3287 1395 3352 iuxta
1410 3287 1618 3355 Ambraciam

339 3400 368 3460 et
392 3395 497 3459 sinum
524 3397 554 3458 et
579 3393 757 3478 ciuitatem,
788 3414 885 3478 quam
908 3393 1077 3478 Augustus
1100 3391 1287 3477 Nicopolim
1315 3394 1493 3478 appellavit
1521 3397 1616 3462 victis

339 3501 406 3566 illic
433 3501 578 3567 Antonio
606 3504 640 3565 et
667 3499 849 3585 Cleopatra
894 3499 942 3565 ibi
970 3503 1003 3566 et
1029 3499 1187 3584 templum
1211 3499 1345 3565 Actiaco
1368 3500 1515 3585 Apollini
1542 3523 1616 3568 con-

340 3607 448 3672 stituit
470 3611 503 3672 et
525 3606 618 3673 ludos
642 3607 809 3672 Actiacos:
836 3606 919 3671 unde
942 3627 1027 3672 nunc
1051 3605 1215 3691 Vergilius
1239 3605 1272 3670 in
1295 3605 1454 3672 honorem
1475 3607 1617 3692 Augusti

285 3727 320 3776 eo
340 3735 422 3798 quae
446 3713 516 3797 ipse
538 3713 617 3779 fecit
640 3712 696 3778 dat
718 3713 787 3777 eius
811 3711 942 3796 origini3
965 3733 1040 3775 uam
1060 3711 1205 3776 Aeneam
1228 3711 1295 3778 illio
1318 3712 1398 3777 dicit
1420 3713 1513 3779 ludos
1536 3714 1618 3780 cele-

356 3887 610 4016 tlx‘tppllustius]
637 3887 701 3944 hist.
724 3887 824 3958 fragm.
850 3887 890 3940 ΙΙΙ
914 3893 946 3941 67
966 3885 1013 3942 Kr.
1040 3888 1051 3956 ΙΙ
1079 3893 1111 3941 17
1138 3871 1289 3942 Homerum
1315 3887 1438 3958 secutus]
1463 3889 1513 3943 Od.
1533 3889 1544 3942 I
1565 3896 1617 3944 246

339 3977 354 4017 c

410 4126 426 4174 2
445 4122 478 4175 ut
496 4118 539 4176 F:
557 4121 586 4174 et
604 4119 728 4174 Antros.
742 4121 753 4186 t
766 4119 934 4187 herpyaram
954 4116 985 4172 F
995 4120 1035 4186 nt
1054 4115 1150 4173 fatalis
1168 4118 1272 4173 Daniel
1296 4135 1359 4172 cum
1378 4134 1422 4172 res
1440 4119 1481 4172 ccl
1499 4119 1617 4174 necessi-

339 4194 384 4247 tas
402 4190 497 4246 fatam
517 4208 542 4246 a.
561 4209 587 4245 n.
607 4209 634 4260 p.
653 4190 690 4244 F.
709 4189 882 4258 Setoellr'ness
901 4195 915 4243 7
936 4187 1085 4243 Sallustius
1105 4189 1154 4244 Sin
1173 4189 1216 4244 uis
1235 4190 1328 4244 obstet
1346 4187 1419 4244 ferro
1438 4206 1522 4257 qnam
1542 4187 1617 4245 fama

338 4263 478 4333 perituros
496 4260 612 4331 aequius
631 4261 755 4316 Ambrae.
774 4263 784 4330 ΙΙ
807 4260 905 4329 equina
924 4259 980 4328 Ρη
1001 4266 1018 4314 9
1036 4277 1088 4315 nos
1107 4261 1170 4315 aad.
1190 4261 1317 4330 Danieli
1339 4267 1370 4314 11
1390 4279 1490 4316 varrus
1510 4259 1618 4325 cartu

337 4352 458 4389 roceam
476 4332 507 4388 F
531 4355 556 4390 v.
578 4332 630 4386 01.
649 4351 751 4387 voclar
765 4331 799 4385 H
814 4348 952 4386 vocmrur
972 4332 1009 4384 M
1012 4331 1068 4399 Et
1087 4331 1229 4386 locutione
1250 4331 1286 4386 M
1290 4331 1342 4400 Et
1357 4338 1390 4386 16
1408 4347 1569 4386 nscururnos
1588 4320 1621 4386 F

338 4421 482 4460 ricarrnoa
500 4405 528 4458 L
554 4422 713 4458 nucarucros
731 4403 766 4457 Η
789 4419 959 4457 nncnrurnos
980 4403 1017 4456 M
1037 4404 1047 4472 t
1070 4403 1175 4458 insutu
1194 4403 1328 4458 Graeciae
1347 4406 1547 4458 commemorat
1564 4417 1616 4458 orn.

337 4476 397 4532 Fa
412 4480 482 4531 haec
497 4475 557 4544 (ric)
576 4491 672 4530 omnes
694 4474 802 4528 insulae
821 4473 955 4528 Graeciae
977 4473 1040 4529 nau.
1061 4472 1109 4542 Ut
1128 4478 1159 4528 18
1178 4473 1325 4530 transtulit
1342 4491 1375 4528 ccc
1394 4474 1546 4528 transtulat
1564 4473 1594 4528 F
1607 4477 1617 4546 11

339 4554 372 4603 19
390 4563 507 4602 ruueccc
526 4563 665 4602 mursae
683 4544 735 4615 Fu
748 4551 782 4600 20
801 4543 984 4616 cephaleniae
998 4544 1069 4598 ΓΜ
1086 4544 1285 4614 caephaleniae
1301 4543 1353 4600 GL
1370 4543 1553 4613 cephaleniae
1567 4545 1601 4598 H
1607 4547 1617 4617 tt

338 4617 438 4674 ciuitas
456 4619 519 4675 trab.
540 4618 588 4687 Gt
606 4618 662 4672 iata
679 4633 730 4671 om.
751 4618 794 4671 M.
833 4619 876 4672 est
894 4611 974 4684 ἄστυ,
994 4620 1025 4670 nt
1042 4615 1142 4670 civitas
1160 4621 1299 4685 tercianam
1317 4617 1376 4672 circs
1392 4617 1466 4670 occia
1484 4616 1616 4685 interpro-

337 4695 484 4744 tomentnm
502 4691 660 4744 sectndanr
678 4688 713 4744 F.
734 4688 883 4744 Schoeltins
904 4689 915 4756 t
938 4693 971 4742 22
990 4685 1153 4758 transimus]
1172 4686 1308 4742 traximus
1326 4684 1385 4742 Fe
1403 4687 1414 4756 ΙΙ
1439 4692 1473 4741 25
1492 4687 1616 4742 Leucate

339 4761 494 4816 Maaoicins
511 4767 536 4815 et
553 4761 737 4815 Bnonrannnr
749 4762 759 4828 ΙΙ
773 4765 806 4814 26
826 4757 1016 4829 promontorio
1036 4755 1095 4812 Fa
1104 4759 1115 4826 t
1132 4757 1325 4812 umbrachiam
1345 4757 1403 4812 Fa
1423 4757 1617 4813 ambrschiam

337 4831 434 4886 LHE
455 4835 465 4902 t
488 4838 521 4887 27
542 4834 570 4886 et
587 4830 680 4886 sinum
699 4833 728 4886 et
747 4831 782 4886 0.·
807 4834 836 4885 et
853 4830 944 4885 sinum
962 4828 994 4882 F
1029 4829 1120 4884 sinum
1139 4831 1168 4883 et
1185 4829 1289 4884 Daniel
1302 4831 1312 4898 ΙΙ
1324 4827 1468 4898 nicopolin
1487 4829 1521 4883 H
1524 4829 1596 4884 ΜΕ
1607 4829 1618 4903 tl

338 4907 372 4958 28
391 4902 431 4957 ibi
449 4903 535 4958 etiam
555 4904 593 4957 M
596 4903 626 4956 Ε
638 4904 648 4974 t
662 4901 790 4974 Actiaco]
810 4901 839 4956 in
857 4899 1048 4972 promontorio
1067 4901 1130 4956 ada.
1145 4900 1175 4953 D
1188 4903 1198 4970 ss
1211 4907 1246 4954 30
1264 4917 1329 4956 nam
1349 4902 1379 4954 et
1395 4915 1512 4956 aeneam
1530 4901 1558 4956 L
