3638 5546
538 449 651 506 COMM.
670 451 709 506 ΙΝ
728 450 836 509 VERG.
855 451 938 510 AEN.
958 454 991 508 ll.
1011 459 1160 510 cca-510.
1425 455 1513 519 291·

208 634 268 676 sue
299 611 368 676 fata
400 614 557 676 narraret.
607 613 662 678 hoe
691 619 735 680 est
755 615 842 680 'illud
870 615 907 699 <1
937 615 1023 700 750>
1052 618 1171 682 malta
1201 640 1311 701 super
1338 619 1491 686 Priamo

208 721 393 802 ropitoas,
419 739 530 800 super
552 720 711 785 Hectore
737 722 863 786 multa.
915 723 953 786 de
982 727 1087 789 morte
1114 728 1223 789 autem
1251 725 1373 790 Priami
1401 728 1491 792 varie

208 826 328 892 lectum
351 827 410 890 est
438 825 495 890 alii
519 825 644 910 dicunt,
667 827 752 912 quod
776 827 939 912 aPyrrho
962 829 998 896 in
1022 829 1116 896 domo
1142 831 1271 916 quidem
1295 855 1354 896 sua
1376 837 1491 917 captus

209 937 273 1016 est,
296 927 352 998 sed
376 932 418 998 ad
440 933 603 998 tumulum
626 933 768 1000 Achillis
798 939 923 1000 tractus
948 937 1137 1023 occisusque
1166 943 1216 1004 est
1243 939 1335 1003 iuxta
1357 938 1491 1024 Sigeum

208 1040 484 1124 promunturium:
507 1041 593 1104 uam'
606 1040 642 1105 in
663 1039 809 1106 Rhoeteo
833 1040 919 1108 Aiax
942 1044 1089 1127 sepultus
1114 1049 1178 1110 est:
1201 1048 1278 1110 tuuc
1301 1045 1369 1110 eius
1394 1052 1525 1130 caputs

209 1151 305 1214 conto
333 1147 433 1212 fixum
462 1147 669 1212 circumtulit.
714 1148 771 1213 alii
799 1170 876 1214 vero
905 1149 989 1233 quod
1016 1151 1111 1218 iuxta
1137 1150 1253 1216 Hercei
1282 1151 1370 1218 Iovis
1400 1175 1491 1218 arem

148 1315 153 1328 ,
209 1254 369 1319 extinctus
393 1253 449 1336 sit,
472 1253 597 1318 dicunt:
620 1254 704 1320 unde
727 1253 877 1321 Bucauus
898 1255 966 1339 <lx
988 1257 1075 1340 979>
1094 1256 1277 1342 Herceum,
1301 1265 1492 1326 monstra·

209 1368 270 1428 tor
294 1361 363 1443 ait,
386 1382 460 1425 non
482 1358 649 1444 respicis
674 1363 783 1426 aras?
830 1363 970 1428 sthene
994 1363 1180 1446 opinionem
1203 1366 1299 1450 plene
1322 1365 1491 1452 Vergilius

213 1469 372 1554 sequitur:
396 1467 473 1531 licet
497 1467 596 1532 etiem
620 1467 711 1532 illam
734 1468 909 1552 praelibet,
933 1471 970 1534 nt
993 1491 1051 1534 suc
1075 1470 1289 1537 indicabimus
1312 1473 1394 1538 loco.

298 1574 373 1640 507.
415 1599 498 1639 ranis
516 1599 564 1640 νη
576 1599 687 1640 onrrnn
699 1600 797 1640 ossan
814 1575 886 1640 benc
908 1577 1014 1641 cornio
1036 1577 1165 1661 collegit,
1188 1583 1217 1642 el
1238 1583 1373 1664 coptam,
1395 1587 1425 1646 et
1445 1583 1492 1646 di·
1512 1595 1544 1642 10

210 1687 327 1759 991919,
349 1684 379 1746 et
401 1682 565 1762 ipocnsom.
645 1757 648 1766 ,

298 1787 373 1852 508.
409 1805 1003 1856 999199199999191119991199999
1027 1789 1370 1875 hypallageest,troc
1391 1799 1435 1858 est
1457 1795 1491 1858 in
1590 1865 1603 1888 x

210 1896 325 1962 mediis
349 1894 493 1960 aedibus.
538 1894 565 1958 si
594 1899 704 1960 autern
728 1894 877 1960 ‘mediis'
910 1896 1043 1980 legeris,
1075 1918 1141 1962 nen
1173 1901 1241 1963 stat
1273 1919 1399 1982 versus,
1426 1901 1491 1965 nisi

210 2003 340 2068 excluso
364 2000 422 2085 ‘s'‚
446 2004 482 2066 ut
505 2000 592 2083 <XII
617 2002 703 2083 709>
731 2003 836 2067 inter
864 2025 903 2068 se
932 2004 1056 2068 coisse
1084 2005 1190 2070 vires
1219 2008 1257 2069 et
1284 2005 1491 2073 decernere

209 2111 325 2175 ferro:
370 2112 403 2173 et
424 2107 507 2172 bene
530 2106 698 2173 Priamum
721 2131 787 2175 nou
809 2109 873 2174 nisi
897 2110 932 2174 in
956 2110 1109 2176 extremis
1133 2116 1239 2176 armat
1261 2113 1429 2199 periculis,
1457 2121 1493 2180 ot
1513 2127 1543 2176 19

208 2217 309 2299 aarum
336 2215 444 2280 inritet
469 2215 583 2280 hostem
610 2216 646 2280 iu
672 2235 773 2280 amem
800 2235 904 2299 amm,
923 2237 998 2299 *qao
1023 2219 1125 2300 possit
1151 2219 1358 2300 captiuitatem
1385 2222 1491 2306 utare,
1558 2207 1566 2224 ⁸

208 2343 303 2405 picra
325 2327 361 2387 at
381 2324 525 2404 defendat
545 2323 674 2405 aliquid.
720 2343 795 2388 saoce
818 2323 1021 2406 ‘penetralia'
1038 2322 1167 2406 proprie
1189 2327 1315 2392 deorum
1337 2328 1491 2413 dicantar,

208 2451 272 2495 aaa
300 2415 472 2512 ammaoni
499 2431 593 2494 etiam
621 2431 757 2516 inlucet
785 2431 945 2496 interiores
969 2437 1077 2512 portes
1104 2433 1304 2515 pacatarum
1330 2435 1491 2500 mam

208 2541 368 2620 monetur,
390 2529 472 2602 auda
494 2542 523 2602 et
538 2557 657 2620 penam
679 2539 810 2603 dirimas
832 2537 942 2622 lecton,
964 2539 1017 2603 obi
1034 2541 1208 2604 mndaator
1230 2559 1309 2621 quoe
1330 2542 1374 2606 ad
1393 2544 1491 2608 vitam

208 2650 282 2712 suut
309 2646 491 2711 nemeae.
543 2645 592 2709 liic
621 2650 724 2710 naam
746 2647 873 2710 ,vedetur
906 2647 1109 2728 oppurtaaius
1132 2647 1308 2728 9999199119
1337 2648 1373 2712 de
1401 2650 1490 2716 domo
1509 2661 1544 2710 uc

209 2754 289 2835 repis
310 2753 438 2830 1991919,
460 2753 607 2834 namium
631 2772 712 2834 repes
729 2773 827 2834 prope
848 2757 1021 2835 stippestam
1043 2753 1210 2818 imitantur
1231 2754 1365 2820 deorum

299 2859 373 2924 509.
410 2885 491 2925 rnna
514 2883 646 2946 ossuum
675 2859 715 2924 ob
743 2858 879 2924 hominis
912 2855 1142 2924 masoetadiae:
1174 2880 1297 2925 sormam
1327 2863 1370 2926 od
1399 2883 1492 2926 arata

210 2967 378 3032 tanstulit.
477 2993 558 3033 suna
581 2969 726 3048 nnsrnrn]
755 2968 792 3031 id
812 2971 857 3032 est
882 2987 961 3049 qaae
987 2967 1053 3030 ium
1072 2987 1214 3050 propriore
1241 2968 1402 3034 dasium.

210 3090 457 3139 nnsnnunrsvs
481 3091 575 3140 ssvc
599 3097 663 3140 non
687 3075 812 3139 timore.

299 3181 374 3246 510.
412 3197 614 3246 crucvnnar
633 3203 700 3246 non
719 3183 793 3264 epte
813 3179 877 3245 sibi
895 3180 1068 3246 cohaerere
1085 3180 1176 3266 feeit,
1196 3181 1251 3246 sed
1270 3182 1380 3266 potius
1399 3185 1490 3249 oneri
1510 3193 1544 3243 25

211 3287 320 3352 sumit.
410 3277 973 3372 197911197999911199919911119.
1008 3287 1162 3353 ‘ferrum’
1186 3281 1271 3352 enim
1295 3288 1333 3353 de
1357 3289 1409 3354 his
1433 3293 1491 3373 cst,
1607 3357 1608 3362 ,

211 3414 292 3478 qnae
316 3415 336 3457 a
358 3393 540 3460 coniunctis
564 3399 697 3460 sumunt
720 3394 880 3479 epitheta,
903 3397 940 3458 ut
964 3393 1166 3460 ‘uenenum'.

281 3595 297 3642 2
317 3587 352 3642 dc
371 3589 461 3644 morte
479 3591 575 3644 numm
593 3586 697 3643 Priami
717 3605 740 3643 e.
755 3605 782 3657 q.
797 3588 832 3660 s]
852 3583 938 3642 ex'scr.
957 3587 1097 3658 mythogr.
1116 3587 1129 3640 I
1148 3593 1199 3642 913

213 3701 425 3708 -—-...———-..

282 3774 298 3822 ³
318 3783 400 3837 pyrre
421 3765 481 3820 GH
495 3766 598 3835 phyrro
617 3766 687 3820 ΕΜ
706 3767 717 3834 11
740 3772 756 3820 4
775 3764 812 3820 sit
830 3765 856 3818 L
874 3767 896 3832 (t
914 3765 959 3820 est
975 3781 1107 3834 superser.
1127 3767 1147 3832 l)
1168 3767 1179 3834 1
1201 3765 1310 3820 occisus
1328 3765 1491 3834 tractusque

524 3857 535 3895 f
935 3855 937 3859 ,

211 3913 254 3966 est
274 3907 298 3964 0
307 3910 318 3978 l
349 3909 471 3985 nicaeum
492 3907 516 3963 0
534 3868 632 3978 lygeum
646 3907 672 3960 L
685 3908 695 3976 11
707 3913 725 3961 h
738 3907 961 3977 promunturium
977 3907 1012 3962 G:
1030 3907 1252 3978 promuntorium
1267 3908 1293 3961 L
1312 3909 1491 3978 promuncto-

214 3980 317 4036 tcrinm
336 3981 368 4034 Η
372 3981 402 4033 E
423 3979 662 4048 promunctorium
680 3997 714 4033 ea
728 3979 949 4048 promunturium
965 3979 1002 4032 M
1013 3981 1023 4048 1
1036 3978 1125 4034 rcetic
1141 3979 1163 4033 O
1180 3979 1277 4033 roethc
1291 3979 1317 4033 L
1330 3979 1492 4048 (ruethecl)

212 4053 345 4108 rosthaec
365 4051 398 4104 H
413 4052 548 4106 rhoetuee
568 4051 605 4105 M
617 4053 627 4119 11
641 4057 657 4105 e
676 4049 798 4118 Pyrrhus
812 4049 985 4104 circumtulit
1002 4050 1198 4119 culpaturum
1217 4050 1291 4118 018
1311 4051 1386 4120 aras}
1401 4049 1492 4104 dictus

176 4159 181 4168 .
212 4125 307 4177 autem
322 4121 448 4192 luppiter
461 4122 583 4176 Herceus
598 4121 664 4190 quia
679 4138 727 4175 ara
746 4121 806 4176 eius
821 4123 882 4176 crat
895 4122 971 4176 intra
985 4122 1079 4176 anlarn
1095 4123 1124 4175 ct
1137 4121 1209 4176 inter
1228 4122 1338 4190 septum
1353 4120 1492 4191 parietum

212 4193 373 4260 aedificata,
402 4193 477 4262 qued
505 4209 605 4262 graece
634 4191 715 4259 ἕρκος
742 4191 846 4246 dicitur
874 4194 937 4249 add.
962 4193 999 4246 D.
1041 4193 1075 4259 ct.
1099 4209 1190 4247 comae.
1216 4193 1328 4247 Larasa
1344 4183 1388 4246 ”IX
1412 4192 1492 4264 97911

212 4271 228 4319 9
247 4264 416 4320 indicabitur
435 4264 460 4319 0
479 4267 489 4334 1
514 4270 547 4318 10
571 4265 684 4334 captam
703 4265 851 4332 Scioppius
874 4266 1007 4318 enotavit:
1031 4265 1114 4334 capta
1134 4263 1158 4318 0
1176 4267 1186 4332 1
1208 4271 1240 4317 12
1264 4266 1302 4318 od
1319 4282 1343 4319 o.
1364 4269 1415 4318 508
1434 4264 1491 4317 Me-

212 4335 290 4390 dium
308 4335 337 4390 in
356 4335 547 4404 penetralibus
565 4335 687 4405 hostem]
707 4335 858 4406 hypallage
872 4334 1025 4405 (ypallagc)
1045 4377 1051 4389 .
1068 4375 1074 4388 .
1091 4377 1096 4388 .
1116 4334 1264 4390 decernere
1283 4335 1381 4390 lenc’.
1425 4351 1491 4388 sane

214 4405 403 4476 ‘penetralia'
424 4407 537 4476 proprie
555 4407 670 4462 deorum
690 4406 827 4461 dicuntur.
864 4405 911 4461 hic
930 4409 1024 4460 autem
1045 4447 1095 4461 ...
1115 4406 1238 4461 deorum.
1259 4407 1309 4475 Ρ1
1332 4425 1424 4460 99999
1444 4407 1491 4474 01

210 4479 343 4550 ypallage
365 4478 523 4548 Cypalage
543 4478 569 4531 L
586 4478 693 4548 hyppal
733 4496 748 4533 e
767 4479 800 4531 Η
820 4493 963 4532 ruaaaern
985 4479 1021 4538 M
1041 4479 1051 4559 1
1075 4484 1107 4531 13
1127 4477 1256 4549 aedibus]
1274 4476 1493 4546 penetrabilibus

214 4549 446 4619 &penetralibus
468 4549 495 4604 P
512 4549 610 4604 edibus
629 4549 664 4603 H
685 4567 713 4621 se
735 4549 796 4604 ibus
815 4550 845 4602 Ε
861 4551 871 4618 1
890 4548 1002 4618 legeris]
1023 4548 1126 4603 duxeris
1151 4549 1179 4602 P
1195 4551 1205 4616 11
1225 4556 1258 4602 14
1276 4549 1437 4619 decernere]
1456 4549 1491 4616 cf.

136 4646 144 4662 ·
213 4621 356 4676 Ribbcclcii
374 4623 466 4676 991991.
487 4623 546 4677 crit.
567 4621 604 4675 od
620 4621 689 4675 Aea.
709 4621 760 4675 Xll
781 4622 903 4690 7091117
923 4620 1046 4687 aliquem
1067 4621 1222 4674 Mauricius
1235 4621 1346 4689 primus
1359 4622 1369 4689 l
1384 4627 1416 4674 18
1436 4636 1492 4674 non

213 4709 246 4747 erc
264 4711 322 4746 nun
342 4692 386 4761 011
398 4691 571 4762 priuatorcm
590 4692 682 4761 0120
701 4691 866 4761 oportunius
881 4691 971 4760 01191
992 4689 1104 4762 proprie
1118 4693 1261 4772 sugestum
1276 4692 1428 4745 amitantur
1446 4691 1474 4743 P
1490 4691 1492 4760 f

213 4769 247 4817 99
266 4765 304 4818 od
321 4780 346 4818 o.
365 4769 417 4817 509
437 4763 523 4818 Arma
541 4763 669 4833 desueta]
695 4781 765 4832 quae
789 4765 863 4831 (que)
887 4763 943 4816 iam
962 4778 1086 4832 pugnare
1105 4761 1250 4816 desierant.
1276 4762 1303 4814 P
1321 4765 1331 4830 1
1354 4767 1387 4815 23
1407 4720 1491 4833 quael

212 4834 473 4962 qniihmmddffi
491 4833 591 4889 honeri
610 4835 642 4888 H
653 4837 663 4904 l
676 4842 710 4890 96
729 4835 789 4904 ipse
808 4850 857 4888 om.
879 4834 970 4902 0197
991 4851 1008 4887 9
1028 4832 1092 4887 ΟΜ
1096 4833 1153 4899 El,
1172 4849 1221 4888 cm.
1242 4833 1311 4886 LH.
1331 4849 1364 4886 ex
1384 4835 1464 4903 calpe
1483 4836 1492 4901 l

213 4905 260 4976 epi
293 4909 389 4961 etant
