3636 5550
561 419 861 501 cou'n.1uvnno.
880 444 963 500 sun.
983 444 1017 501 u.
1037 450 1186 500 let-201.
1445 445 1510 510 253

225 607 477 690 perepiinanlem
500 607 586 690 apid
607 606 771 692 Phthiam,
793 610 875 691 qaod
894 609 1014 674 nnliias
1040 615 1115 676 esset
1135 607 1327 674 hanmnitate
1348 613 1511 691 misceplns,
1613 623 1623 642 ·

184 801 190 810 Ι
232 714 290 778 tali
311 714 433 778 silantia
456 714 672 796 inhospitalem
694 715 857 781 damnasse
879 718 1039 782 ciuitatem.

323 823 395 888 199.
432 840 493 887 ruo
515 826 601 886 tunc.
673 840 778 889 usas
802 840 942 888 ursnms
965 839 1158 900 uvnrcavn
1182 825 1219 886 ut
1242 820 1294 902 <V
1318 822 1405 906 866>
1428 821 1510 886 sale

232 951 325 994 saxa
353 929 547 994 sonabant
575 933 608 993 et
635 927 706 1010 <111
733 930 815 1013 183>
844 952 956 995 casus
986 927 1203 994 Cassandra
1231 929 1408 1012 canebat;
1435 950 1511 993 nam

232 1024 316 1119 apud
339 1040 464 1101 veteres
488 1059 508 1101 a
532 1035 694 1100 similibus
718 1035 862 1119 incipere
885 1036 1040 1101 vitiosum
1063 1057 1129 1101 non
1153 1039 1231 1100 erat.
1269 1038 1302 1099 et
1323 1035 1546 1118 notandum

231 1143 308 1228 quia
334 1148 372 1208 ui
400 1165 498 1226 supra
526 1141 611 1226 <13>
640 1143 779 1207 diximus
809 1143 893 1230 agii,
923 1165 963 1208 ne
990 1142 1139 1208 videatur
1168 1142 1221 1207 vel
1248 1141 1346 1207 Troia
1374 1142 1511 1207 cessisse

232 1250 368 1331 viribus,
397 1248 449 1313 vel
472 1247 600 1314 Aeneas
629 1249 798 1314 voluntate
821 1249 954 1334 fugisse.
999 1249 1061 1313 hac
1090 1253 1200 1314 autem
1228 1273 1262 1314 rc
1287 1249 1444 1333 ostendit,
1472 1270 1511 1312 ex

232 1355 452 1421 accidentibus
479 1354 571 1420 dolos
600 1355 797 1421 Graecorum
828 1377 897 1421 esse
925 1356 1085 1440 firmatos,
1119 1377 1188 1420 cnm
1221 1358 1296 1422 dicit
1322 1357 1414 1421 eliani
1441 1357 1512 1420 deos

231 1465 393 1528 adrasum
419 1462 546 1528 Troiam
567 1462 682 1542 sensae.
1077 1451 1082 1462 ’

321 1570 395 1634 201.
432 1567 873 1660 samosathaenus
896 1569 989 1652 dicit,
1016 1571 1092 1652 post
1116 1568 1290 1634 adventum
1313 1568 1509 1635 Graecorum
1532 1583 1564 1631 10

232 1676 381 1742 sacerdos
405 1675 550 1760 Neptuni
574 1675 737 1760 lapidibus
762 1676 885 1742 occisus
915 1681 977 1758 est,
1005 1675 1081 1760 quia
1107 1697 1173 1741 non
1202 1675 1372 1741 sacrificiis
1400 1699 1510 1741 eorum

231 1783 355 1848 vetavit
378 1782 561 1848 adventum.
606 1786 722 1865 postea
745 1782 994 1848 abscedentibus
1014 1779 1149 1846 Graecis
1173 1797 1245 1848 cum
1268 1783 1392 1848 vellent
1416 1785 1513 1848 sacri·

232 1891 329 1955 ficare
347 1887 515 1974 Nepiuno,
539 1888 690 1954 Laocoon
708 1888 906 1972 Thymbraei
925 1888 1087 1972 Apollinis
1112 1888 1260 1954 sacerdos
1284 1893 1372 1954 sorte
1395 1889 1510 1954 ductus

231 2002 294 2081 est,
318 2000 355 2062 ut
377 1997 462 2062 solet
485 1995 555 2060 fieri
579 2017 651 2059 cum
675 1993 766 2060 deest
789 1996 938 2062 sacerdos
963 2000 1078 2060 certus.
1113 1995 1167 2060 hic
1190 1996 1354 2079 piaculum
1378 1995 1510 2061 commi-

230 2108 319 2168 serai
343 2108 418 2168 anta
442 2101 648 2167 simulacrum
673 2102 814 2166 numinis
839 2124 911 2167 cum
934 2103 1075 2184 Antiopa
1097 2121 1155 2166 sica
1178 2123 1277 2166 uxore
1301 2101 1453 2185 coeundo,
1477 2105 1511 2166 eb
1531 2114 1564 2162 lo

231 2210 358 2276 abhoc
381 2209 526 2274 inmissis
549 2207 741 2272 draconibus
766 2230 838 2273 cum
863 2209 929 2272 suis
953 2209 1029 2273 filiis
1053 2209 1268 2292 interemptus
1287 2211 1346 2273 est
1373 2207 1512 2273 historia

230 2317 360 2402 quidem
384 2318 446 2382 hoc
468 2315 583 2380 habeb:
612 2314 669 2379 scd
692 2319 790 2398 poeta
816 2315 1050 2400 iuterpretatur
1080 2315 1121 2380 ad
1144 2313 1359 2396 Troianorum
1383 2337 1510 2379 excusa·

231 2425 369 2509 tionem,
395 2425 449 2506 qni
476 2423 531 2488 lioc
558 2423 734 2504 intimantes
760 2423 873 2505 decepti
898 2427 981 2488 sinit.
1025 2423 1084 2487 ali'i
1111 2422 1219 2486 rimant
1244 2421 1325 2502 qaod
1346 2427 1418 2503 post
1444 2441 1511 2486 con·

232 2536 377 2613 tnnptani
409 2529 500 2594 sennl
532 2549 553 2592 a
583 2527 789 2594 Laomedonte
820 2528 1000 2611 Neptunum
1032 2533 1131 2592 certas
1162 2529 1228 2592 cias
1259 2529 1397 2593 saeerdm
1427 2528 1514 2610 apid

182 2651 185 2656 ’
233 2637 360 2703 Troiam
382 2658 446 2702 non
466 2636 546 2718 snit:
570 2635 652 2699 ande
668 2639 802 2716 palatur
819 2635 983 2717 Neroniano
1006 2636 1098 2699 etiam
1120 2635 1267 2699 inimicus
1287 2634 1385 2714 faisse
1404 2634 1511 2698 Troia·
1531 2646 1565 2694 aa

231 2747 295 2829 iiis,
329 2751 358 2810 et
384 2745 466 2827 qnod
492 2744 548 2826 illi·
568 2743 747 2825 mmanint,
779 2744 815 2805 in
842 2744 995 2807 sacerdote
1021 2746 1207 2806 manistram:
1239 2737 1321 2824 qaod
1345 2742 1409 2824 ipse
1436 2739 1513 2804 alibi

231 2853 361 2917 ostendit
386 2853 488 2916 diceas
506 2847 551 2936 (V
570 2847 650 2934 810)
669 2870 835 2934 caperem
857 2871 936 2916 caia
958 2855 1074 2914 vetere
1096 2849 1140 2913 ab
1163 2850 1235 2912 ima
1258 2853 1402 2914 siricolo
1424 2848 1513 2912 ineis

231 2959 403 3024 manibus
424 2959 604 3040 periurae
631 2959 777 3021 moenia
801 2957 944 3022 Troiae.
989 2958 1071 3039 qaod
1096 2961 1199 3020 antem
1222 2955 1266 3019 aii
1286 2975 1388 3019 arcem
1410 2955 1514 3018 ierant

232 3069 394 3147 senentes,
427 3065 463 3129 id
493 3069 537 3129 est
566 3064 610 3128 ad
640 3063 785 3146 tenplum
806 3064 981 3142 Minervae,
1014 3067 1070 3128 ant
1100 3063 1205 3144 [piacl]
1234 3065 1263 3126 et
1288 3061 1358 3143 ipsa
1384 3060 1514 3124 inimica

233 3171 380 3236 Troianis
400 3171 477 3255 fail,
500 3176 557 3235 ant
576 3172 701 3253 si'qnam
722 3170 785 3251 fait
799 3171 960 3253 petiliane
983 3169 1125 3236 ciuitatis.
1156 3188 1230 3233 sane
1252 3167 1595 3250 anconitanam·
1669 3251 1675 3264 ι

231 3278 401 3342 Laocoonte
423 3281 569 3342 clinare
590 3278 656 3341 eins
677 3277 724 3341 ool
743 3277 782 3341 'de
803 3276 992 3358 serpentibus
1014 3297 1036 3339 a
1058 3272 1210 3390 Calydnis
1230 3274 1344 3338 insulis
1364 3273 1511 3338 uenienti-

303 3529 338 3578 10
355 3523 422 3594 post
439 3522 591 3578 meantum
611 3467 779 3578 Giaecarnm
798 3537 821 3576 e.
836 3539 863 3590 q.
879 3539 900 3576 s.
920 3537 964 3591 ap.
985 3519 1112 3574 Servium
1130 3536 1215 3575 exscr.
1236 3519 1375 3588 mythogr.
1395 3518 1420 3572 11
1440 3523 1492 3572 207

230 3669 443 3677 .—-—---—-

303 3760 319 3808 3
338 3754 492 3825 mincis]
512 3753 704 3822 frequentauit
721 3754 781 3808 ‘m’
801 3769 877 3824 nipe.
896 3768 963 3807 vers.
982 3751 1046 3806 add.
1062 3747 1137 3821 illei
1155 3794 1161 3807 .
1177 3792 1206 3807 ..
1226 3749 1347 3804 canebat
1364 3763 1414 3803 om.
1431 3748 1469 3802 Μ
1472 3747 1510 3812 E,

231 3825 368 3894 ispannit
386 3825 396 3880 i
408 3826 418 3896 u
431 3825 568 3880 casandria
586 3824 649 3878 ΒΗ
660 3826 700 3896 66
719 3825 826 3880 dietum
845 3824 889 3879 esi
906 3821 1012 3882 Daniel
1024 3823 1034 3892 l
1053 3829 1069 3876 8
1088 3822 1156 3876 deus
1173 3826 1198 3876 et
1216 3825 1232 3873 9
1251 3820 1363 3874 fecisset
1380 3819 1484 3874 Daniel
1502 3821 1511 3889 il

233 3903 266 3950 10
284 3897 323 3950 nd
343 3913 366 3950 a.
383 3901 433 3950 201
455 3897 585 3951 Laocoon
599 3896 771 3967 (laucahon)]
790 3897 823 3950 ut
840 3893 1003 3964 Euphorion
1018 3893 1186 3963 (cophonon)
1205 3890 1276 3946 dicit
1294 3935 1300 3946 .
1316 3933 1322 3945 .
1339 3933 1345 3946 .
1364 3889 1400 3944 sd
1415 3889 1511 3944 Troia·

233 3984 332 4023 norum
351 3967 572 4036 excusationem,
590 3967 639 4036 qui
657 3967 710 4022 hoc
728 3967 890 4038 ignorantes
909 3965 1021 4034 decepti
1046 3965 1118 4019 sunt.
1138 3963 1230 4033 ¹qumi
1248 3963 1343 4016 autem
1361 3961 1398 4015 sd
1416 3977 1510 4015 arcem

231 4038 325 4093 icrunt
354 4039 509 4108 serpentes.
539 4038 568 4093 id
597 4039 639 4093 est
665 4039 701 4093 ad
729 4039 866 4120 templum
889 4036 1047 4103 Mineruae,
1074 4037 1124 4090 aut
1151 4031 1225 4104 qnod
1253 4035 1282 4088 et
1308 4031 1370 4102 ipsa
1396 4031 1511 4115 inimica

233 4108 360 4165 Troianis
379 4109 447 4178 luit,
465 4111 515 4164 ant
533 4109 644 4179 signnm
663 4109 718 4163 fnit
735 4111 877 4180 periturae
896 4106 1029 4162 ciuitabis.
1051 4106 1100 4175 Pa
1119 4113 1150 4161 11
1171 4107 1214 4160 est
1232 4121 1282 4160 om.
1304 4104 1352 4174 Pi
1370 4119 1511 4171 quianon

234 4179 377 4234 sacrificiis
397 4197 492 4236 eornm
510 4181 621 4235 uelauit
639 4179 790 4236 aduentum
811 4181 860 4234 M:
884 4179 969 4248 qnian
994 4175 1137 4232 sacrificiis
1159 4193 1255 4231 earnm
1273 4175 1384 4231 uitauit
1406 4173 1510 4228 aduen-

232 4254 294 4306 tum
313 4251 339 4304 L
366 4251 433 4320 quia
452 4253 511 4322 (qai
529 4253 671 4322 mythrae.)
695 4250 837 4306 sacnfioiis
855 4267 952 4306 eorum
974 4265 1030 4304 uon
1048 4247 1158 4304 tremuit
1175 4248 1329 4302 aduentum
1348 4243 1389 4300 O*
1406 4245 1508 4326 mytho-

230 4323 355 4392 araphae
373 4339 445 4392 qnae
464 4340 560 4378 eorum
579 4321 721 4378 sacrificiis
746 4339 802 4377 non
827 4321 938 4376 notauit
959 4319 1111 4375 aduentum
1133 4319 1161 4373 P
1186 4318 1253 4388 quia
1274 4334 1330 4372 non
1353 4332 1403 4386 pro
1427 4331 1511 4370 sacn-

230 4393 302 4450 ficiis
325 4409 422 4448 eornm
449 4395 560 4450 notauit
581 4394 735 4449 aduentum
758 4393 793 4448 Η
816 4393 883 4462 qiiia
904 4410 961 4447 uon
983 4390 1013 4460 ip
1036 4389 1179 4446 sacrificiis
1207 4406 1303 4445 comm
1331 4385 1440 4442 uelauit
1462 4385 1510 4440 ad-

230 4466 346 4520 uentum
366 4465 423 4534 Eu
446 4473 478 4520 12
498 4466 564 4535 post
582 4464 657 4521 Pa*
666 4467 689 4589 (i
712 4471 744 4519 13
764 4465 885 4520 lacchon
906 4465 933 4518 P
953 4465 963 4532 ΙΙ
980 4462 1094 4518 timbrci
1112 4461 1177 4515 LH
1191 4460 1311 4530 tymbrei
1332 4460 1368 4514 M
1384 4461 1393 4526 ΙΙ
1415 4464 1448 4511 14
1467 4459 1511 4512 est

231 4552 281 4590 ain.
303 4536 331 4590 P
350 4537 361 4606 ΙΙ
383 4537 426 4607 nt]
451 4538 480 4591 et
501 4537 535 4590 Η
554 4538 564 4606 ss
587 4553 665 4591 sacer
686 4553 717 4591 os
740 4538 832 4591 certus
857 4579 863 4590 .
884 4577 890 4590 .
911 4577 917 4590 .
941 4537 1007 4590 ants
1031 4533 1211 4588 simulacrum
1234 4547 1283 4586 om.
1309 4530 1335 4584 L
1359 4531 1401 4598 (in
1423 4545 1510 4598 mara.

231 4608 295 4662 aad.
316 4607 336 4676 l)
358 4609 368 4678 h
391 4607 493 4679 cerins]
514 4607 621 4662 Cereris
641 4607 853 4735 mythoyrppliac
875 4608 885 4676 ΙΙ
908 4613 941 4660 16
961 4605 1053 4660 nnmis
1074 4604 1128 4672 ΡΙΙ
1152 4609 1184 4658 16
1204 4603 1240 4658 ab
1259 4603 1313 4656 hoc
1331 4600 1389 4669 Hi}
1412 4605 1444 4653 17
1464 4615 1509 4653 ex·

231 4678 417 4750 cusationem]
436 4679 585 4750 qucsipra
603 4679 684 4733 tanto
702 4695 767 4748 piac
799 4694 815 4732 o
839 4679 986 4746 caperetur
1008 4677 1082 4731 troia
1099 4676 1131 4730 in
1149 4691 1235 4743 mara.
1254 4673 1318 4728 aad.
1338 4673 1348 4725 l
1370 4672 1380 4740 l
1399 4677 1433 4724 21
1453 4687 1510 4724 ma-

230 4748 339 4804 rnerint
363 4750 531 4804 Masinis:
554 4748 688 4804 meruerit
712 4747 764 4817 0ss
787 4755 822 4803 24
844 4748 874 4802 id
900 4746 953 4816 est]
974 4747 1022 4802 uel
1038 4746 1143 4800 Daniel
1161 4751 1186 4801 et
1205 4743 1246 4798 G*
1268 4745 1278 4812 ΙΙ
1300 4740 1376 4812 quod
1394 4742 1454 4798 secl.
1474 4741 1509 4822 Ε.

231 4821 389 4876 Saliocliias.
430 4821 546 4888 fortasse
569 4821 619 4875 eut
640 4819 747 4876 iactum
770 4821 813 4874 est
851 4818 927 4887 quod
949 4820 960 4887 ΙΙ
982 4823 1015 4872 25
1042 4816 1216 4872 Bacchilides
1245 4813 1354 4883 01126
1379 4811 1510 4882 Calydnis

233 4891 401 4946 Mescinius.-
420 4891 581 4950 Chelidonis
601 4889 790 4946 GCsledonis
808 4861 989 4946 &namisias
