3590 5558
344 397 383 462 ie
722 481 725 491 Ι
848 483 860 500 0
917 395 1038 455 suavi

341 567 374 626 et
398 563 468 628 vult
490 564 577 628 orbis
600 584 702 648 regna
724 565 843 630 sortiri.
888 585 966 646 quae
989 586 1036 630 res
1059 566 1131 630 odia
1154 567 1219 632 eius
1241 567 1277 631 ia
1302 565 1454 634 Troianos
1475 570 1620 654 erogitat.

338 675 369 734 ct
394 670 464 734 tene
487 669 648 753 ‘studiis’,
676 693 742 734 non
770 670 920 756 ‘studio',
949 672 1025 756 quia
1051 675 1102 736 ter
1125 673 1297 740 rebellavit
1324 678 1437 740 eontra
1464 678 1620 760 populum

338 775 531 842 Romanum.
1288 779 1291 792 ’

429 883 478 948 15.
515 901 654 950 rnarva
680 884 807 951 dicitur.
858 890 892 950 et
921 886 1047 971 ingenti
1078 891 1148 952 arte
1177 886 1358 974 Vergilius,
1388 910 1429 954 ne
1459 890 1493 954 in
1522 891 1619 956 rebus

303 1001 318 1049 o
338 989 495 1056 fabulosis
519 995 629 1075 aperte
653 995 765 1056 utatur
782 996 953 1077 poetarum
976 993 1125 1079 licentia,
1148 996 1241 1080 quasi
1261 995 1447 1079 opinionem
1472 997 1619 1081 sequitur

337 1101 370 1162 et
405 1119 464 1181 per
499 1098 674 1163 transitum
708 1099 837 1182 poetico
874 1101 978 1165 utitur
1014 1122 1113 1166 more.
1166 1103 1212 1167 cel
1248 1108 1325 1168 certe
1361 1102 1493 1184 ‘fertur'
1526 1105 1619 1168 eredi-

337 1207 396 1270 tur.
486 1229 578 1270 neers
594 1226 655 1288 pro
677 1206 773 1272 valde.
853 1267 858 1282 ,

427 1312 478 1376 16.
510 1328 731 1377 rosrunarra
749 1334 816 1378 non
833 1316 1029 1398 contempta,
1049 1315 1106 1379 sed
1124 1315 1159 1378 in
1173 1315 1319 1381 secundis
1333 1316 1460 1400 habita3
1479 1337 1618 1400 namque

335 1417 369 1482 in
388 1419 555 1502 superiore
574 1441 668 1484 versu
687 1420 771 1484 dixit
790 1419 941 1506 ‘magis',
957 1422 995 1484 ut
1014 1421 1114 1486 etiam
1137 1422 1291 1507 originali
1309 1423 1380 1487 loeo
1400 1429 1546 1488 servetur
1564 1424 1618 1488 ad·

285 1533 317 1582 10
336 1525 442 1590 fertio.
525 1542 617 1591 sano
632 1528 679 1593 sic
693 1527 857 1592 luvenalis
878 1528 914 1591 et
934 1523 1062 1594 Samia
1081 1527 1260 1611 genetrix
1280 1549 1377 1612 quae
1397 1529 1618 1595 delectatur

335 1632 488 1698 harena.
587 1659 724 1699 eorrrssr
744 1659 821 1700 sano
850 1633 933 1698 deest
964 1630 1100 1712 ‘ctiam',
1131 1639 1167 1698 ed
1197 1639 1273 1700 esset
1303 1633 1495 1718 ‘posthabita
1525 1638 1618 1701 ctiam

335 1737 456 1804 Samo'.
502 1738 659 1806 ‘coluisse'
682 1745 798 1822 adam,
821 1741 897 1820 quia
914 1744 1024 1806 cctam
1042 1739 1135 1804 colere
1155 1740 1295 1806 dicebant
1310 1742 1403 1806 etiam
1425 1762 1495 1806 cam
1516 1745 1619 1809 oraim·

335 1847 485 1911 minorem
511 1847 662 1930 diligeret,
688 1846 817 1912 atille
843 1846 931 1910 colit
963 1851 1091 1911 terras.
1140 1845 1277 1913 Plautus
1302 1849 1338 1912 ire
1365 1848 1501 1914 Poenulo
1527 1850 1616 1933 lap-

331 1954 432 2035 pitcr
449 1954 512 2034 qai
526 1973 642 2036 gerres
659 1952 751 2018 colis
768 1953 912 2034 alisque
929 1951 1124 2018 bominum.
1192 1971 1252 2018 ruo
1271 1972 1387 2020 rumve
1401 1972 1499 2020 annu
1513 1958 1618 2040 figura

284 2071 316 2119 15
335 2059 530 2124 creberrima
553 2059 741 2125 adverbium
763 2080 823 2142 pro
852 2059 1004 2124 adverbio
1027 2060 1152 2143 posuit,
1179 2061 1360 2143 praesentis
1388 2062 1451 2126 loci
1477 2085 1537 2147 pro
1561 2064 1615 2128 ab·

335 2166 450 2249 sentis3
473 2165 586 2232 debuit
608 2167 693 2230 enim
721 2164 959 2232 dicere‘illic'.
1048 2184 1147 2231 Anna
1174 2166 1370 2232 instructam
1399 2169 1499 2234 armis
1521 2169 1615 2235 Iuno-

333 2296 408 2339 nem
432 2273 465 2338 in
488 2272 554 2338 alio
577 2273 649 2337 loco
672 2273 743 2357 ipse
765 2274 918 2355 testatur,
941 2275 979 2335 ut
1000 2271 1104 2338 ferro
1128 2273 1307 2338 accincta
1329 2279 1451 2341 vocat

425 2381 473 2446 17.
512 2396 646 2444 cvuuvs
670 2382 728 2444 aut
749 2399 825 2444 rere
843 2400 971 2443 currum
993 2401 1056 2463 quo
1075 2379 1249 2445 secundum
1268 2380 1447 2446 Homerum
1471 2383 1614 2449 inbelle

333 2488 451 2572 utitur,
483 2490 540 2553 aut
572 2487 723 2552 thensam
758 2485 934 2570 significat,
966 2507 1030 2570 qua
1061 2486 1193 2552 deorum
1227 2488 1401 2554 simulacra
1431 2493 1614 2574 portantur.

280 2608 315 2658 ao
333 2595 449 2664 thensa
472 2597 581 2658 autem
604 2615 677 2657 cum
700 2592 898 2676 aspiratione
923 2592 1077 2656 scribitur
1101 2587 1165 2657 ἀπὸ
1188 2594 1250 2658 τοῦ
1273 2599 1383 2679 θείου,
1406 2595 1439 2660 id
1463 2600 1514 2661 est
1536 2619 1555 2661 a
1578 2619 1613 2660 re

333 2701 450 2765 divina
495 2705 552 2766 aad
573 2705 649 2766 certe
675 2687 756 2764 illud
782 2697 923 2764 ‘currus'
947 2700 1028 2781 qarod
1054 2701 1102 2763 ait
1127 2701 1253 2765 ductos
1278 2703 1359 2765 alta
1386 2703 1435 2766 ad
1455 2703 1615 2767 donaria

333 2827 472 2873 currus.
521 2807 629 2872 batem
659 2808 741 2872 enim
771 2806 925 2871 Iocorum
956 2826 1066 2871 carrus
1097 2811 1213 2872 certmu
1244 2812 1296 2872 est.
1346 2809 1390 2872 sic
1420 2813 1523 2873 autem
1553 2831 1615 2875 esse
1700 2857 1704 2868 .

333 2915 427 2980 ctiam
453 2915 498 2980 in.
517 2916 616 2980 sacris
640 2913 818 2978 Trburtrbus
846 2917 978 2996 corumt,
1007 2913 1061 2978 ubi
1090 2915 1135 2978 sic
1157 2918 1328 2996 prematur
1357 2914 1451 2979 lurco
1480 2917 1614 2981 ceritis

334 3027 394 3086 tuo
419 3042 532 3086 curru
559 3022 746 3104 clipeoque
777 3025 877 3086 tuere
902 3041 996 3085 meos
1023 3021 1150 3084 carice
1179 3021 1361 3086 vernulas.
1450 3042 1525 3087 sanc
1553 3041 1614 3088 uro

280 3141 315 3190 ae
334 3144 452 3194 marva
475 3146 584 3212 unns,
608 3145 669 3192 arc
694 3135 828 3193 'ornava
851 3145 935 3193 rvrr
961 3126 1248 3211 quotienscumque
1270 3128 1404 3192 nomina
1426 3129 1561 3212 pluralis
1582 3132 1615 3194 et

404 3345 420 3393 2
439 3340 472 3394 ut
490 3339 576 3394 eliam
596 3381 602 3396 .
619 3379 647 3394 ..
667 3337 802 3408 adfectio]
822 3338 901 3394 Luet.
919 3337 996 3392 Plac.
1016 3337 1053 3392 ad
1071 3336 1144 3392 Stat.
1162 3337 1250 3393 Theb.
1268 3340 1281 3393 1
1300 3345 1350 3393 261
1374 3340 1384 3407 ΙΙ
1408 3343 1440 3392 10
1460 3338 1612 3464 Ιηνεηαίἰῗ]

332 3412 385 3466 sat.
404 3410 504 3465 xvle
527 3413 537 3479 ΙΙ
561 3416 593 3464 12
618 3405 734 3464 coluisse
755 3413 851 3464 autem
874 3425 897 3463 e.
917 3426 944 3478 q.
963 3407 1012 3532 s'l'
1021 3408 1092 3462 Don.
1116 3409 1152 3464 ad
1171 3408 1233 3464 Ter.
1253 3409 1364 3479 adelph.
1383 3409 1467 3476 1112,
1486 3415 1521 3462 64
1540 3412 1569 3463 et

332 3485 358 3549 8,
376 3482 464 3551 41113
482 3481 544 3552 ille]
564 3482 626 3538 buc.
645 3481 684 3534 III
703 3487 736 3536 61
755 3482 765 3548 l
782 3479 812 3534 in
830 3477 966 3550 Poenulo]
1030 3486 1056 3548 4,
1077 3486 1109 3534 14
1127 3482 1138 3549 ΙΙ
1157 3486 1189 3535 17
1208 3480 1293 3551 ferro]
1314 3481 1346 3536 A.
1366 3481 1392 3534 Π
1411 3481 1543 3548 6141119
1563 3483 1612 3534 ant

332 3553 461 3607 theream
481 3594 486 3607 .
503 3595 531 3607 ..
551 3551 658 3622 divina]
679 3551 908 3607 Pseudo-Ascua.
928 3568 955 3620 p.
975 3556 1036 3618 200,
1056 3557 1070 3605 7
1092 3551 1137 3608 Or.
1160 3553 1170 3620 ΙΙ
1193 3556 1227 3604 21
1246 3551 1357 3623 ductos]
1380 3567 1475 3622 georg.
1497 3551 1535 3605 ΙΙΙ
1559 3557 1610 3606 533

408 3771 421 3820 1
442 3765 547 3836 sortiri]
572 3767 602 3821 et
623 3766 695 3820 bene
712 3764 781 3820 belli
804 3763 875 3818 dixit
897 3763 961 3818 add.
981 3765 991 3817 t
1008 3765 1040 3818 in
1058 3780 1143 3833 mara.
1166 3765 1176 3834 n
1197 3769 1213 3818 2
1232 3764 1304 3818 bene
1324 3762 1374 3817 0²:
1398 3763 1433 3816 be
1453 3763 1505 3831 011
1526 3766 1611 3820 terra

331 3835 452 3891 bellauit
469 3837 535 3890 ΒΚ
550 3837 635 3892 tertio
654 3836 800 3890 reuelabat
819 3837 843 3890 G
859 3834 1028 3900 (rebellabat
1046 3834 1097 3903 θ’)
1115 3835 1198 3889 tertio
1217 3833 1367 3889 rebellauit
1386 3833 1413 3886 P
1425 3835 1464 3903 l4
1482 3834 1611 3904 uirgilius

332 3907 421 3962 utitur
431 3907 464 3960 K
466 3908 539 3974 ΕΗ,
553 3909 609 3962 nisi
622 3909 694 3976 quod
707 3907 842 3976 uergilius
852 3905 884 3959 K
895 3907 905 3975 l
919 3912 935 3960 8
950 3907 988 3960 ad
1000 3923 1024 3962 o.
1037 3911 1069 3960 16
1083 3905 1261 3975 Posthabita]
1271 3921 1328 3958 non
1342 3907 1517 3974 contempta;
1533 3922 1610 3960 nam·

311 3984 386 4046 'que
411 3977 441 4032 in
467 3979 608 4048 superiore
634 3995 716 4033 versu
814 3976 945 4032 adiectio.
988 3976 1124 4048 coluisse]
1151 3977 1253 4031 dieitur
1275 3992 1338 4030 cum
1361 3976 1450 4031 maior
1474 3977 1609 4031 minorem

333 4049 440 4120 diligit,
466 4053 498 4104 ut
518 4050 583 4105 ‘ille
602 4049 671 4105 colit
695 4049 808 4104 terras'.
845 4047 899 4102 Hic
924 4047 1000 4102 illius
1027 4049 1118 4118 arma]
1144 4048 1234 4118 figura
1259 4047 1426 4102 creberrima
1445 4090 1450 4101 .
1466 4087 1492 4102 ..
1518 4047 1610 4102 dicere

260 4132 265 4141 ’
332 4137 435 4194 ‘uren
455 4155 540 4195 arma.
562 4139 611 4207 rr
625 4146 641 4193 e
656 4139 718 4193 1000
733 4136 865 4207 originali
878 4137 1019 4203 somn,
1032 4139 1089 4191 aar
1101 4137 1174 4206 quoe
1187 4135 1332 4206 originalis
1348 4136 1375 4189 a
1394 4119 1551 4206 originali}
1567 4136 1610 4208 Ol

333 4213 366 4263 10
386 4228 453 4262 sino
473 4253 524 4265 ...
546 4209 642 4280 Samo]
663 4228 787 4264 coivisse
806 4227 874 4263 ssuo
893 4208 972 4262 deest
990 4208 1075 4262 eiiam
1094 4209 1127 4262 ut
1149 4209 1221 4262 esset
1263 4207 1407 4262 osthabita
1427 4207 1513 4262 etiam
1533 4224 1610 4262 samo

330 4283 363 4334 ut
380 4278 518 4336 iuuenalis
537 4283 566 4336 ct
588 4280 677 4335 samia
695 4280 822 4350 genetrix
841 4296 912 4348 quae
934 4277 1090 4334 delectatur
1108 4279 1211 4333 harena
1258 4322 1264 4346 ,
1287 4279 1334 4333 sed
1358 4279 1435 4332 samo
1454 4281 1488 4332 ut
1505 4280 1536 4332 in
1554 4294 1609 4333 rac.

332 4350 371 4405 0²
393 4353 403 4420 ll
427 4357 460 4406 14
479 4351 598 4421 aliisque
620 4351 644 4406 0
697 4357 728 4404 lt
754 4349 936 4406 celeberrima
957 4351 984 4403 B
1007 4352 1017 4419 ΙΙ
1041 4357 1074 4404 16
1097 4349 1170 4420 illio]
1195 4349 1268 4404 sicut
1285 4349 1420 4404 habemus
1438 4349 1467 4403 in
1487 4348 1610 4418 superio·

329 4421 406 4476 ribus
429 4424 494 4477 cdd.
518 4423 653 4477 210161
675 4439 762 4492 marg.
785 4423 795 4490 ΙΙ
820 4421 922 4476 dicitur
944 4421 971 4473 L
994 4424 1035 4492 (at
1057 4421 1118 4490 ipse
1140 4423 1260 4475 testatur
1281 4437 1415 4490 superscr.
1439 4422 1459 4488 l)
1483 4423 1492 4488 l
1515 4427 1549 4475 18
1573 4420 1610 4475 ud

330 4500 405 4547 c.17
423 4493 477 4548 Hic
495 4492 562 4564 fuit]
582 4511 633 4564 pro
651 4493 752 4547 luerat.
790 4491 938 4562 Gentibus]
958 4509 1008 4562 pro
1026 4491 1165 4562 gentium,
1184 4491 1314 4547 datiuum
1332 4509 1382 4561 pro
1401 4491 1535 4560 genitiuo.
1558 4490 1586 4544 P
1602 4493 1611 4560 ll

329 4581 395 4618 uere
413 4565 485 4619 bene
505 4564 529 4618 Ο
548 4568 558 4634 ΙΙ
579 4565 644 4620 belo
662 4564 695 4618 K
711 4563 789 4618 caelo
808 4562 960 4618 Fabricius
981 4566 991 4634 ΙΙ
1014 4569 1049 4618 20
1068 4563 1210 4634 scribitur]
1230 4562 1334 4616 dicitur
1351 4563 1450 4616 BOM
1468 4561 1611 4631 (scribitur

329 4651 462 4706 superscr.
485 4637 522 4703 m)
544 4637 554 4704 ΙΙ
577 4653 631 4690 arro
654 4655 705 4690 ror
729 4654 797 4689 eaor
819 4634 847 4688 B
873 4635 921 4690 ait.
941 4654 1009 4689 uror
1028 4655 1103 4690 ooroo
1121 4635 1155 4688 K
1179 4651 1233 4690 auo
1258 4653 1309 4688 ror
1334 4651 1411 4687 creir
1433 4632 1455 4687 0
1481 4649 1535 4687 auo
1559 4653 1610 4686 ror

331 4725 397 4762 esoo
415 4707 441 4760 L
468 4723 523 4761 ano
548 4725 600 4760 ror
625 4724 685 4761 sior
702 4706 737 4759 H
761 4722 816 4760 arro
841 4725 892 4761 ror
923 4725 986 4760 eror
1012 4706 1049 4760 M
1069 4707 1079 4774 l
1102 4713 1133 4760 21
1161 4706 1255 4760 dultos
1282 4705 1305 4758 0
1325 4705 1336 4772 ΙΙ
1357 4709 1391 4758 23
1418 4703 1528 4758 curritis
1554 4704 1578 4758 0
1600 4703 1609 4774 ll

330 4783 364 4831 24
387 4794 466 4834 meus
486 4778 510 4833 0
529 4778 539 4846 ΙΙ
561 4778 700 4845 uernulas
715 4794 789 4833 sane.
826 4777 879 4832 llic
904 4777 927 4832 C
954 4778 1024 4845 (alic
1050 4793 1150 4831 monas
1174 4781 1239 4846 poet
1265 4775 1398 4831 uernulas
1424 4775 1610 4846 isderpurscit)

330 4864 412 4902 sanos
431 4851 500 4904 coni.
522 4849 660 4904 steteras
677 4849 757 4905 Rom.
777 4849 895 4920 Mycael.
911 4867 940 4917 p.
960 4854 1012 4902 248
1506 4873 1508 4878 ·
