3590 5558
331 483 374 548 38
770 501 772 507 ’
907 481 1027 536 seuve

331 645 480 712 Aeneas
498 645 673 730 rapidum
693 645 739 710 ad
756 667 873 710 naves
892 645 1115 729 praemittit
1128 643 1323 711 Achatem.
1360 645 1486 730 ellipsis
1502 645 1611 711 autem

332 760 382 819 est
405 752 554 838 quotiens
576 752 937 836 remotis'interpositis
956 753 1047 818 deest
1066 751 1201 837 aliquid,
1224 756 1261 816 ut
1284 756 1334 818 661
1357 776 1451 838 quos
1475 775 1544 838 ego
1572 789 1611 800 ·-

331 863 422 944 post
448 857 543 923 mihi
570 880 644 923 non
672 859 797 924 simili
825 881 961 945 poana3
991 860 1081 925 deest
1108 858 1414 943 anim‘adlligam'.
1504 863 1609 941 uscarl

330 987 406 1038 sane
427 967 552 1048 6611661
578 967 715 1048 quotiens
737 987 758 1030 a
781 965 951 1031 minoratus
978 966 1163 1049 benficium·
1173 965 1325 1048 petebant,
1348 985 1369 1029 a
1391 967 1515 1033 aornim
1537 968 1612 1032 inci

296 1073 465 1158 epuloni,
488 1077 518 1138 et
539 1077 605 1138 erat
622 1072 803 1138 honoratius
820 1075 850 1137 si
867 1093 977 1139 nomen
1000 1073 1099 1154 ipsius
1121 1077 1192 1136 unte
1209 1071 1412 1155 praeferent.
1498 1091 1610 1138 n1vvu

331 1197 443 1248 666611
466 1196 585 1257 nuova
607 1195 773 1245 HOMINVM
797 1196 866 1242 nex
888 1178 1039 1262 Iuppiter.
1072 1183 1100 1242 et
1117 1177 1316 1262 periphrasis
1336 1182 1399 1260 661,
1423 1177 1455 1242 id
1479 1183 1530 1243 est
1553 1181 1611 1244 eir-

332 1287 535 1352 cumlocutio.
573 1284 690 1368 ‘pater'
709 1290 811 1349 auum
829 1306 850 1348 a
871 1285 1001 1368 Verpilio
1020 1285 1063 1350 acl
1079 1287 1275 1350 eminentiam
1288 1286 1433 1369 ponitur,
1455 1290 1491 1349 ut
1501 1291 1613 1368 paler

294 1446 298 1456 .
331 1393 477 1461 Aeneas
500 1399 527 1458 el
547 1398 659 1476 puter
681 1391 935 1474 Appenninus.

421 1501 473 1566 66.
514 1517 559 1564 nn
590 1516 752 1564 nvncnna
785 1517 893 1563 nnnrr
925 1515 1079 1565 snvcnvs
1109 1517 1153 1563 nr
1184 1509 1343 1565 6666666
1373 1517 1492 1566 vauro
1525 1500 1612 1569 aliud

281 1621 313 1669 10
332 1606 452 1694 pendet
479 1629 518 1670 ex
545 1606 625 1690 alim
654 1629 730 1671 nam
758 1606 813 1690 qui
840 1609 950 1690 potest
979 1607 1133 1688 mulcere,
1161 1610 1271 1689 potest
1294 1611 1328 1671 et
1350 1607 1478 1692 tollere,
1506 1607 1612 1673 idest

333 1715 457 1799 erigere
480 1713 514 1778 in
538 1717 774 1797 tempestatem.
817 1710 977 1777 ‘nrrrlcere’
996 1717 1099 1776 autun
1116 1713 1258 1778 delenire.
1292 1713 1364 1778 lrinc
1381 1715 1515 1778 mulsmn
1533 1714 1613 1796 quod

333 1822 489 1886 dulcedine
516 1821 638 1885 animos
661 1824 781 1885 nostros
804 1819 1001 1902 permulcent.
1039 1819 1099 1884 alii
1126 1818 1285 1884 ‘mulcere'
1312 1821 1465 1903 mitipure,
1493 1819 1614 1885 mollire

333 1929 378 1993 uel
397 1929 506 2010 fovere.

424 2035 476 2099 67.
512 2032 815 2100 ennssermohic
845 2033 1524 2119 6166116666618616661611661111616,
1557 2033 1613 2096 sed
1722 2026 1724 2028 ’
1787 2123 1788 2140 ¹

283 2155 314 2202 16
333 2164 418 2206 nume
447 2141 487 2206 ad
519 2143 691 2224 utrumque
719 2143 828 2222 potest
855 2139 977 2204 referri.
1027 2161 1103 2204 nam
1136 2142 1193 2204 aut
1225 2139 1264 2203 ad
1297 2139 1456 2204 familiam
1484 2138 1612 2204 Aeneae

334 2252 391 2313 aut
424 2249 464 2312 ad
491 2247 668 2313 Troianam
701 2249 831 2330 gentem
863 2246 1012 2310 refertur.
1113 2248 1306 2326 rrnrnnurn]
1339 2245 1515 2328 Tyrrhenus
1544 2266 1613 2309 carru

332 2356 432 2436 fratre
454 2355 541 2438 Lydo
563 2373 691 2436 repnum
713 2373 749 2417 eu
772 2352 963 2436 indulpcntia
986 2353 1095 2437 len-uit,
1124 2357 1160 2416 ut
1182 2352 1288 2435 inpcns
1313 2353 1487 2436 [repetentia
1503 2353 1614 2435 populi

333 2460 382 2526 lis
400 2462 599 2543 eculinperet:
622 2481 699 2542 puae
713 2479 807 2524 carrsa
821 2479 975 2523 nummum
988 2477 1092 2523 rerum
1109 2460 1182 2540 fecit
1198 2461 1350 2542 inopium,
1373 2460 1459 2525 nullo
1472 2462 1613 2542 patriam

333 2567 522 2649 relinquente
544 2570 601 2630 aut
622 2565 736 2630 valente
753 2565 963 2648 pereprinuri,
991 2566 1065 2646 quia
1089 2570 1177 2629 tantu
1200 2565 1319 2631 lenitas
1341 2571 1408 2630 erat
1429 2568 1463 2631 in
1486 2567 1614 2650 repulus.

282 2687 316 2736 ao
335 2673 497 2739 consilium
517 2673 612 2755 ipilnr
628 2672 812 2750 labrrcrunt,
838 2677 873 2736 ut
889 2673 1004 2754 partili
1023 2673 1157 2751 turtum,
1176 2673 1365 2754 parentalem
1382 2695 1444 2737 non
1462 2677 1614 2756 poterunt,

335 2781 463 2845 alternis
485 2779 589 2843 diebus
611 2779 795 2843 abstinerent
811 2801 833 2842 a
851 2779 925 2843 cibis
943 2779 1116 2859 lusibusque
1138 2784 1305 2844 accuretur.
1342 2767 1506 2860 alpui'lruc
1525 2780 1613 2860 laser]-

335 2888 388 2951 eiu
410 2888 654 2970 encopilaeerunl
677 2885 809 2950 telorum
824 2891 1063 2966 tesserarumque
1076 2885 1176 2950 iactus
1195 2886 1338 2967 pilaeque
1356 2885 1504 2956 lusam.et
1522 2886 1615 2950 tibine

335 2995 574 3058 modrrlulianem
605 2998 634 3057 cl
664 2998 839 3057 concentum
870 2989 1067 3074 symphoniae
1103 2991 1316 3074 tubarumque,
1352 2993 1461 3074 quibus
1496 2993 1615 3056 unoculi

336 3101 413 3164 61666
433 3099 561 3180 facilius
584 3099 747 3164 tolerarent
768 3100 926 3163 ieiunium.
963 3099 1125 3163 nmissinn
1144 3103 1246 3162 lumen
1263 3099 1338 3179 quia
1360 3099 1614 3164 6666161666-

284 3219 317 3268 66
335 3208 413 3272 silus
435 3227 489 3272 uec
511 3206 578 3272 ulla
601 3206 730 3272 consilia
751 3206 867 3287 fanum
885 3205 1064 3285 relevarent,
1087 3205 1189 3270 sortiti
1210 3210 1294 3288 seul,
1317 3209 1384 3270 uter
1406 3225 1444 3270 eu
1464 3205 1615 3286 fratrebus

336 3335 405 3380 enm
426 3319 519 3396 parte
539 3313 651 3396 papuli
677 3312 775 3376 abiret
800 3313 833 3376 iu
856 3332 933 3393 prcus
955 3332 1021 3376 sors
1045 3316 1143 3376 terras
1165 3311 1301 3376 dedisset.
1346 3333 1415 3376 eum
1441 3311 1616 3394 Tyrrhenus

336 3441 548 3449 ..—----.-

409 3495 422 3542 1
443 3488 563 3559 Aeneas]
584 3489 616 3544 A.
632 3489 644 3540 Ι
659 3493 709 3542 613
724 3489 734 3556 l
747 3493 763 3541 2
778 3504 848 3555 quos
866 3487 932 3558 ego]
951 3487 1212 3558 6116616666
1231 3485 1341 3555 antiqui
1360 3528 1366 3540 .
1384 3527 1389 3539 .
1406 3528 1412 3540 .
1431 3486 1614 3557 praeferrent]

338 3560 407 3613 Don.
426 3559 543 3617 ad.Ter.
563 3559 607 3613 ad.
626 3559 651 3613 V
671 3565 695 3624 6,
715 3565 730 3611 3
751 3559 781 3612 61
799 3563 814 3612 6
832 3559 842 3626 l
862 3561 878 3610 8
897 3559 977 3627 pater
995 3558 1171 3630 Appeninus]
1190 3559 1222 3612 A.
1242 3556 1294 3611 ΧΠ
1314 3563 1364 3611 703
1383 3559 1393 3627 ΙΙ
1418 3563 1450 3610 14
1469 3577 1535 3612 6666
1555 3599 1561 3612 ,
1582 3600 1588 3613 .
1608 3600 1615 3614 .

337 3630 446 3700 referri]
462 3630 524 3684 lsid.
539 3629 597 3684 diff.
613 3648 637 3684 v.
653 3631 728 3699 17611
743 3634 775 3683 16
792 3628 950 3698 Tyrrhenus
965 3645 988 3683 e.
999 3647 1025 3698 q.
1036 3629 1069 3700 6.]
1087 3628 1187 3684 Herod.
1203 3629 1217 3682 I
1231 3633 1272 3682 91.
1292 3627 1373 3683 Dion.
1388 3627 1451 3682 Hal.
1467 3644 1491 3682 a.
1506 3627 1538 3684 11.
1554 3629 1566 3682 I
1581 3634 1613 3682 17

411 3799 422 3844 1
444 3791 564 3846 achaten
582 3789 654 3842 ΒΜ
658 3789 688 3843 E
704 3791 714 3859 11
732 3787 843 3858 eclipsis
862 3788 930 3841 LM
934 3787 963 3841 E
980 3789 990 3860 11
1008 3791 1103 3842 autern
1121 3803 1171 3841 om.
1190 3788 1224 3841 K
1238 3790 1248 3858 l
1270 3794 1286 3842 2
1306 3789 1349 3841 est
1368 3803 1417 3842 om.
1437 3787 1462 3840 L
1480 3789 1490 3856 l
1508 3787 1616 3858 aliquid

338 3857 395 3916 duri
415 3863 465 3916 τοῦ
486 3858 625 3916 ἐκλείπειν
640 3861 721 3929 11116
738 3859 881 3930 perifrasis
900 3859 990 3914 estid
1009 3861 1053 3913 661
1071 3857 1451 3926 cir·cnmlocntio·B0¹PM‚
1471 3860 1527 3912 uisi
1545 3861 1616 3928 quod

339 3935 383 3987 est
404 3931 546 4002 perifrasis
569 3930 642 3986 O'P
672 3930 879 3986 circumlocutio
902 3930 932 3984 id
955 3931 998 3984 est
1020 3929 1163 4000 perifrasis
1186 3929 1218 3983 K
1221 3929 1294 3994 LE,
1321 3929 1378 3982 uisi
1400 3929 1473 3998 quod
1499 3929 1615 3984 circum-

339 4004 444 4058 locutio
463 4006 506 4057 est
523 4004 549 4055 Ι,
561 4005 571 4072 ΙΙ
585 4001 795 4057 circumlocutio
813 3997 903 4069 πατὴρ
922 3995 1035 4070 ἀνδρῶν
1049 4020 1078 4055 τε
1093 4001 1173 4054 θεῶν
1187 4019 1216 4054 rs
1232 4000 1384 4054 Fabricius
1396 4002 1406 4070 ΙΙ
1421 4006 1434 4053 7
1455 4017 1472 4054 6
1490 4017 1539 4055 om.
1556 4000 1594 4054 G*
1609 4002 1618 4070 ll

339 4083 355 4130 6
375 4075 412 4128 ud
425 4091 449 4128 6.
466 4081 499 4129 66
518 4073 555 4128 Et
573 4074 695 4128 mulcere
709 4073 787 4126 dedit
800 4073 900 4126 flnctus
914 4074 943 4126 et
956 4072 1056 4127 tollere
1069 4072 1167 4142 uento}
1187 4071 1264 4125 uliud
1283 4111 1289 4122 .
1305 4116 1311 4128 .
1329 4115 1334 4126 .
1354 4071 1461 4125 tollere.
1494 4071 1616 4125 mulcere

338 4147 434 4200 autem
451 4144 568 4198 delinire
582 4143 745 4212 (declinare)
760 4187 766 4200 .
779 4185 802 4197 ..
817 4143 919 4198 fouere.
937 4143 985 4212 ΡΙΙ
1001 4149 1034 4196 14
1053 4143 1090 4196 ad
1103 4159 1127 4196 6.
1139 4148 1171 4197 67
1188 4142 1273 4214 Gens]
1289 4141 1374 4197 natio.
1401 4141 1473 4195 Mihi
1487 4143 1615 4212 nauigat]

339 4215 369 4270 id
393 4217 435 4270 661
456 4215 493 4270 in·
510 4231 604 4270 meum
627 4214 760 4269 dolorem.
798 4214 985 4285 Tyrrhenum]
1009 4229 1027 4268 a
1050 4213 1192 4282 Tyrrheno
1217 4213 1351 4282 quodam,
1377 4212 1426 4282 qui
1449 4230 1616 4267 summersus

340 4289 401 4341 erat
418 4287 447 4340 16
465 4285 538 4341 mari
555 4285 630 4355 quod
645 4285 775 4340 Tusciam
793 4285 886 4352 alluit,
906 4285 984 4339 cuius
1002 4283 1075 4338 filius
1091 4283 1195 4339 Tuscus
1214 4284 1280 4354 luit,
1298 4302 1316 4338 a
1330 4301 1385 4353 qno
1400 4283 1508 4338 Tuscia.
1537 4283 1617 4338 Sorte

339 4357 432 4424 (furtel
451 4360 546 4412 autem
569 4355 683 4411 recessit
701 4356 859 4426 Tyrrhenus
878 4372 895 4410 a
913 4355 999 4410 fratre
1026 4371 1075 4410 suo
1099 4355 1189 4424 Lydo:
1213 4371 1346 4424 quaereus
1369 4354 1491 4410 alienam
1513 4357 1616 4410 terram

339 4427 447 4482 dimisit
469 4445 549 4482 suam
572 4443 744 4498 regnumque
767 4427 854 4481 fratri.
896 4427 943 4480 sed
968 4426 1115 4496 praeuenit
1137 4425 1289 4481 submersio
1316 4425 1406 4492 illins,
1435 4426 1526 4480 errauit
1551 4443 1617 4480 uero

338 4498 412 4554 filins
431 4498 504 4567 eins,
528 4498 668 4553 habitauit
685 4497 714 4551 iu
733 4497 843 4553 Tuscia.
865 4497 918 4567 Pu
942 4503 975 4556 16
994 4517 1152 4551 6666666666
1170 4497 1333 4568 tyrrhenum
1352 4513 1427 4551 mare
1447 4497 1553 4550 dictum
1576 4500 1618 4550 est

339 4571 386 4624 661
409 4570 485 4639 quod
507 4571 626 4624 tusciam
649 4568 739 4624 adluit
761 4568 790 4623 id
814 4571 857 4623 est
879 4567 1058 4639 tyrrheniam.
1096 4569 1243 4638 tyrrhenus
1266 4568 1340 4622 euim
1360 4609 1366 4621 .
1387 4610 1392 4621 .
1413 4611 1419 4623 .
1439 4585 1510 4636 quae
1530 4568 1565 4622 ab
1585 4583 1617 4621 eo
1731 4599 1735 4608 »

338 4656 441 4696 nomeu
460 4641 576 4710 accepit.
613 4640 660 4695 nel
678 4641 753 4694 certe
773 4657 790 4694 a
807 4641 947 4710 tyrrhenis
967 4639 991 4694 (l
1011 4641 1021 4709 ΙΙ
1043 4640 1202 4708 Tyrrhenus
1223 4682 1228 4693 .
1249 4681 1254 4693 .
1275 4679 1280 4691 .
1301 4637 1411 4708 sucepit
1427 4639 1506 4692 tutet
1524 4653 1618 4706 marpo

340 4711 688 4794 cremplcrrsBasr'lecrrsr's
706 4711 834 4765 Danielis
852 4729 937 4765 mann
954 4712 1058 4778 scripta
1076 4713 1086 4780 l
1106 4718 1137 4765 17
1157 4711 1200 4764 his
1218 4709 1316 4779 populi
1334 4709 1438 4790 Dan-iel
1454 4711 1464 4778 ΙΙ
1482 4715 1514 4762 11
1535 4726 1616 4763 uaca-

340 4792 417 4864 retur
431 4782 548 4837 Daniel:
565 4782 732 4837 bacarentnr
751 4783 774 4837 0
800 4785 934 4836 uacarent
953 4782 1133 4864 (laurentinus
1159 4782 1363 4864 baccharentur
1381 4780 1455 4862 tran
1466 4781 1481 4862 J}
1499 4787 1533 4834 23
1552 4797 1617 4863 avo-

341 4853 648 4997 pptrcffiurppcgppnlpp}
661 4853 885 4995 {Ippysprlheffi
893 4853 1035 4978 Iappllp'pplatr
1055 4851 1078 4906 C
1095 4859 1118 4906 el
1137 4853 1241 4907 Daniel
1253 4853 1263 4922 l
1277 4857 1312 4906 24
1331 4868 1474 4906 6661661161
1492 4851 1596 4905 Daniel
1609 4853 1618 4920 ,1
