3638 5546
301 418 366 482 344
877 415 997 471 SERVlI

389 581 440 644 42,
478 597 554 645 urus
583 581 663 644 bene
692 580 790 644 etiam
818 581 874 645 ille
903 582 957 666 qui
985 579 1125 644 laeditur
1149 581 1281 644 excusat
1305 579 1463 644 Aeneam:
1493 577 1580 663 quod

300 687 433 770 pietatis
457 687 578 772 grande
602 687 825 752 testimonium
850 693 907 753 est.
945 685 1036 770 ‘pias’
1060 691 1162 750 autem
1179 691 1306 768 propter
1322 690 1449 767 periotes
1471 687 1508 750 de
1529 705 1580 749 ex-

301 795 379 858 cutio
410 793 564 870 ldreretos,
594 798 651 856 aut
677 794 751 874 quia
773 795 978 876 sacrificabat.
1069 810 1269 859 acunumiae
1294 792 1447 876 polluere,
1471 795 1505 856 et
1528 797 1579 856 eet

302 922 407 964 sermo
427 897 607 982 Plautinus,
631 921 694 983 quo
717 899 812 964 hodie
831 922 898 965 non
916 901 1046 964 utimur.
1078 919 1188 963 uomere
1207 904 1307 964 tamea
1322 899 1395 979 feeit
1414 899 1481 964 siue
1497 899 1580 964 uerbi

266 1008 425 1090 eoriyirre,
449 1027 511 1070 uon
534 1006 615 1070 euim
638 1009 752 1070 dieitur
774 1005 921 1072 ‘seelero'.

390 1113 443 1176 43.
479 1130 670 1182 nxrnuuvu
693 1130 797 1176 uvnru
828 1113 906 1176 ordo
938 1116 987 1176 est
1010 1111 1125 1176 ‘Troia
1153 1131 1204 1174 me
1232 1110 1294 1174 tibi
1322 1111 1413 1194 tulit,
1443 1110 1506 1176 hoe
1528 1117 1580 1176 eat

302 1219 464 1302 educavit,
491 1241 557 1282 non
587 1217 783 1302 externum’3
812 1241 887 1282 nam
917 1223 950 1282 et
972 1218 1052 1282 civis
1078 1217 1206 1281 Aeneae
1229 1217 1334 1280 fuerat
1358 1221 1391 1280 et
1413 1223 1581 1302 cognatus.

301 1330 330 1389 et
356 1325 413 1388 cito
441 1345 472 1388 se
498 1329 526 1388 et
550 1325 722 1388 Troianum
748 1345 810 1389 esse
837 1329 865 1388 et
890 1326 1025 1406 adliueui
1047 1324 1184 1389 ostendit.
1274 1348 1334 1388 rur
1355 1349 1447 1389 curor
1470 1350 1521 1391 nro
1544 1351 1582 1390 oe

303 1457 531 1497 srrrrrnururr
555 1433 633 1495 mire
655 1433 745 1512 quusi
767 1432 924 1496 osteudens
946 1451 1083 1496 eruorem
1104 1450 1204 1495 suarm.
1234 1427 1281 1494 ‘de
1302 1429 1415 1512 stipite
1438 1431 1474 1495 de
1497 1431 1580 1513 liyoo

252 1537 364 1617 ro‘ait;
387 1559 463 1604 uum
485 1540 577 1620 stipes
599 1559 666 1602 uere
688 1543 731 1603 est
754 1538 872 1620 liyuum
894 1542 1006 1602 sectum
1028 1537 1148 1602 sucum.

391 1647 444 1710 44.
482 1662 663 1710 cavnnnns
688 1661 824 1710 nunnus
847 1644 881 1707 id
905 1647 956 1708 eet
978 1643 1156 1708 crudelium
1180 1646 1213 1707 et
1236 1665 1417 1710 avarorum.
1459 1667 1496 1710 eu
1518 1667 1580 1710 τηο-

302 1755 388 1818 ritus
406 1753 497 1817 ‘euim
525 1753 675 1816 cultorum
705 1757 802 1815 terroe
831 1751 1000 1815 laudantur
1026 1751 1072 1814 oet
1094 1751 1320 1833 vituperantur,
1347 1751 1584 1836 ut<V1638>

302 1863 476 1924 devenere
499 1859 595 1924 locos
618 1859 740 1923 laetos.

392 1965 444 2031 45.
480 1982 689 2056 eonrnouvs
714 1981 784 2029 uuo
809 1963 876 2028 eive
901 1963 986 2048 ‘ego'
1010 1963 1201 2048 distinguas
1225 1964 1292 2029 sive
1317 1964 1390 2047 ‘ego
1410 1962 1485 2047 hie’,
1508 1963 1582 2028 sub-

252 2087 284 2134 15
305 2072 417 2138 aridius
442 2070 537 2135 ‘sum'
561 2092 690 2135 neeesse
714 2074 773 2134 est.
818 2075 847 2134 et
868 2072 959 2151 quasi
982 2071 1165 2154 δεικτικῶς,
1192 2071 1227 2134 id
1248 2076 1292 2135 est
1313 2071 1484 2153 Polydorus
1505 2091 1584 2155 suut,
1638 2085 1646 2094 ·

303 2201 366 2244 riou
389 2181 490 2260 stipes.
702 2217 705 2226 ·

392 2287 445 2351 46.
485 2309 621 2351 retourne
638 2308 728 2348 suone
750 2284 922 2348 multitude.
968 2283 1104 2350 Plautus
1133 2285 1304 2350 Aulularia
1328 2284 1366 2368 <I
1391 2286 1424 2368 l,
1448 2285 1488 2367 6>
1515 2287 1583 2350 su·-

304 2395 486 2458 mulorum
507 2411 612 2472 seyes.
648 2411 723 2454 saue
739 2395 872 2473 palatur
894 2412 957 2470 uory
980 2392 1143 2456 ouisiurilo
1164 2394 1275 2456 eurulis
1293 2389 1434 2457 conlutis
1447 2414 1581 2475 puerum

304 2502 448 2578 occisum,
476 2519 551 2562 uem
573 2501 725 2580 repuyuat
746 2517 815 2561 euru
838 2497 891 2561 illo
914 2496 1000 2580 (55)
1023 2497 1247 2580 Polydorum
1271 2499 1483 2564 obtruncat:
1506 2521 1582 2564 ructu

252 2617 285 2666 20
304 2613 332 2671 et
353 2608 473 2670 misisse
494 2605 739 2670 radicosiueulo
760 2605 876 2667 mirum
899 2609 950 2687 est,
973 2605 1037 2669 uisi
1055 2610 1281 2670 uioustruosuru
1298 2607 1347 2670 sit.
1417 2623 1584 2671 mcuuvrr

305 2713 450 2778 reviruit.
496 2712 599 2776 traxit
631 2715 739 2776 autem
772 2709 833 2775 hoc
865 2711 904 2775 de
935 2711 1074 2777 historia
1106 2711 1261 2776 Romana.
1306 2735 1382 2778 nam
1415 2711 1585 2796 Romulus,

306 2824 437 2904 captato
471 2819 622 2902 augurio,
655 2818 785 2882 hastam
815 2817 854 2881 de
883 2818 1045 2883 Aventino
1081 2823 1190 2884 monte
1218 2819 1252 2882 in
1281 2819 1467 2883 Palatinum
1495 2821 1586 2884 iecit:

306 2948 388 3010 quae
412 2926 477 2990 fixa
500 2924 645 2989 fronduit
667 2926 700 2987 et
723 2922 872 2987 arborem
895 2924 981 2988 feeit.
1022 2924 1238 3007 vituperabile
1263 2925 1347 2988 enim
1372 2928 1433 3008 est,
1455 2929 1585 3007 poetam

306 3031 430 3116 aliquid
458 3032 592 3117 fingere,
617 3029 701 3114 quod
730 3029 858 3113 penitus
887 3030 1066 3095 averitate
1089 3031 1242 3096 discedat.
1287 3032 1424 3116 denique
1448 3033 1586 3098 obicitur

254 3150 288 3198 ec
312 3139 455 3223 Vergilio
475 3137 514 3203 de
534 3137 712 3201 mutatione
730 3136 861 3200 navium
880 3136 916 3200 in
932 3137 1107 3221 nymphus,
1128 3142 1160 3202 et
1179 3139 1262 3223 quod
1283 3137 1363 3202 dicit
1377 3159 1434 3220 per
1452 3161 1585 3204 aureum

307 3267 433 3310 ramum
457 3245 496 3308 ad
520 3244 643 3308 inferos
667 3264 736 3307 esse
760 3243 962 3326 descensum3
986 3243 1128 3325 tertium,
1152 3264 1208 3307 cur
1230 3243 1292 3308 Iris
1314 3243 1436 3310 Didoni
1460 3267 1585 3309 comam

307 3353 454 3417 secuerit.
499 3351 554 3417 sed
581 3351 643 3415 hoe
670 3354 828 3434 purgatur
852 3349 1017 3433 Euripidis
1041 3351 1201 3434 exemplo,
1231 3351 1348 3434 quide
1372 3351 1498 3416 Alcesti
1520 3352 1585 3417 hoe

260 3484 266 3492 ·
307 3459 399 3545 dixit,
423 3481 495 3523 eum
520 3458 646 3522 subiret
668 3458 773 3522 fatum
792 3457 910 3521 mariti.

395 3566 447 3629 47.
489 3591 560 3630 rnuo
586 3565 787 3646 adfirmative.
876 3589 1006 3629 ruerem
1029 3565 1146 3646 duplici
1171 3565 1253 3645 quod
1274 3569 1302 3628 ot
1323 3585 1421 3629 uocem
1444 3567 1588 3630 audierat

255 3685 290 3732 30
309 3677 338 3736 et
366 3673 549 3753 sunyuiuera
575 3673 700 3735 uiderat.
745 3671 792 3734 ael
819 3669 965 3752 ‘auupiti
990 3669 1172 3749 formidiue'
1195 3691 1274 3752 uria,
1305 3673 1387 3751 quod
1415 3672 1587 3754 septimum

308 3779 445 3859 laeserat,
467 3777 575 3854 altera,
597 3777 679 3858 quood
699 3781 829 3840 metuere
851 3781 986 3858 uouerat
1007 3777 1129 3854 littura
1151 3778 1261 3857 ipsum.

396 3885 449 3948 48.
485 3909 566 3948 uiuo
579 3907 755 3948 ronroourrr
776 3883 844 3946 licet
865 3883 901 3947 de
922 3882 1075 3964 Polydoro
1097 3884 1238 3964 superius
1260 3884 1301 3947 sil
1320 3884 1461 3959 rolatum,
1485 3888 1586 3946 taurea

301 3995 429 4073 propter
450 3990 628 4053 uarietatem
650 3990 696 4052 rei
718 4009 832 4054 uuesse
854 3988 926 4070 (est)
948 3990 1052 4070 repeti.
1097 3989 1246 4054 Priamus
1269 4011 1337 4054 urm
1360 3991 1473 4054 uideret
1495 3987 1585 4072 louye

308 4098 462 4164 obsidione
489 4117 537 4162 res
566 4117 640 4161 suos
667 4099 702 4161 iu
729 4097 837 4160 ultimo
861 4097 1052 4173 euestitutas,
1083 4097 1185 4176 filium
1203 4097 1372 4176 parvulum
1394 4095 1584 4178 Polydorum

380 4298 393 4344 1
415 4289 502 4360 quod]
522 4289 571 4357 qui
589 4288 670 4356 Fls
690 4291 719 4342 et
737 4289 780 4343 eet
799 4331 804 4343 .
825 4331 831 4342 .
851 4332 857 4344 .
876 4288 982 4342 utimur
1000 4305 1042 4341 om
1061 4287 1141 4356 Flu
1160 4303 1205 4342 me
1224 4287 1289 4357 tibi]
1309 4290 1339 4342 et
1356 4288 1392 4342 be
1411 4287 1441 4341 F
1466 4303 1511 4342 me
1529 4287 1582 4341 tibi

306 4361 375 4415 tulit
393 4365 422 4414 et
439 4362 510 4415 bene
530 4361 596 4414 tulit
614 4361 718 4414 Dauid
744 4361 754 4428 l
782 4361 846 4413 ‘let
863 4376 912 4414 orn.
935 4359 977 4412 M.
1001 4360 1011 4427 ΙΙ
1040 4361 1150 4412 Aeneae
1168 4374 1218 4412 om.
1238 4359 1298 4428 Pl
1322 4365 1354 4412 16
1374 4370 1434 4412 sum
1454 4375 1504 4412 oui,
1527 4359 1590 4412 1,Ιί

307 4433 384 4496 (add.
400 4433 421 4491 l)
434 4432 444 4499 ΙΙ
458 4431 574 4486 disticon
590 4431 619 4484 F
630 4433 640 4499 ll
657 4437 687 4484 18
702 4429 867 4502 uerissimile
881 4431 911 4483 F
923 4431 933 4498 {t
946 4436 980 4484 20
996 4433 1023 4482 et
1037 4429 1158 4500 misisse]
1175 4429 1300 4484 emisisse
1315 4431 1419 4484 Daniel
1432 4432 1442 4496 ΙΙ
1456 4435 1488 4482 22
1510 4431 1586 4498 pala·

307 4503 378 4557 tium
399 4503 465 4557 LE
482 4503 650 4572 (palatinum
671 4503 713 4570 llll
727 4507 761 4554 24
781 4501 901 4556 discedit
920 4502 956 4554 M
968 4505 977 4569 ΙΙ
992 4501 1110 4570 denique
1131 4543 1137 4554 .
1158 4543 1164 4554 .
1184 4544 1190 4554 .
1211 4501 1305 4556 mariti
1324 4501 1489 4569 0114141146
1508 4499 1586 4554 dido·

307 4574 351 4628 nis
370 4575 395 4626 L
417 4576 428 4642 11
450 4579 483 4626 27
503 4573 607 4628 alceste
626 4591 660 4626 eu
679 4574 775 4626 alciato
795 4573 820 4624 L
842 4574 852 4640 ΙΙ
875 4577 908 4626 28
928 4573 1012 4626 marti
1032 4573 1063 4626 H
1080 4575 1089 4641 [Ι
1112 4577 1145 4625 29
1165 4589 1248 4642 super
1266 4571 1383 4641 ancipiti
1401 4573 1466 4625 liaeo
1484 4573 1588 4639 scripta

307 4651 373 4698 suut
391 4647 422 4699 iu
444 4644 468 4696 Τ
488 4643 594 4714 duplici
619 4649 647 4698 et
670 4645 744 4712 quod
764 4660 862 4698 uocem
877 4643 1004 4698 audierat
1022 4647 1052 4698 et
1069 4644 1143 4711 quod
1162 4643 1326 4712 sanguinem
1345 4643 1430 4696 fluere
1449 4641 1523 4696 uidit
1540 4643 1585 4694 uel

309 4717 394 4770 eliam
411 4715 517 4784 duplici
526 4734 582 4783 qua
594 4718 620 4776 (l.
632 4715 708 4784 quia)
718 4714 822 4770 leserat
831 4715 988 4784 sepulcrum
1003 4715 1012 4781 ΙΙ
1027 4715 1066 4783 et]
1078 4714 1160 4767 3341*Ἱ
1171 4718 1181 4782 l
1195 4731 1290 4768 vocem
1300 4715 1429 4768 audierat
1438 4717 1468 4766 et
1477 4731 1526 4766 our.
1538 4713 1568 4765 F
1580 4717 1587 4780 ,ξ

309 4794 342 4841 30
362 4786 540 4855 sepulchrum
560 4787 590 4840 F
615 4788 625 4856 ΙΙ
651 4795 682 4840 31
709 4786 791 4840 litum
810 4785 841 4838 F
866 4787 900 4839 l.
922 4829 927 4840 .
948 4829 953 4840 .
975 4785 1077 4840 Dauid
1100 4786 1206 4838 laesum
1227 4785 1383 4838 dlaoaieius
1406 4785 1494 4838 letum
1513 4783 1587 4836 Bur-

308 4874 410 4912 mauuo
428 4863 491 4911 teste
506 4858 586 4911 Gerlr.
608 4857 726 4911 Vossius.
751 4857 876 4911 auditum
896 4858 936 4910 rel
954 4856 1044 4910 uisum
1061 4856 1095 4910 F.
1112 4857 1261 4910 Sclroelliue
1274 4856 1283 4924 l
1297 4863 1330 4910 33
1350 4860 1394 4910 est
1409 4855 1589 4910 Oocrmetiuus
