3636 5550
560 455 674 512 66166.
692 455 732 512 m
752 456 858 514 2226.
878 455 961 513 suu.
982 457 1014 512 11.
1034 427 1183 514 ars-usu
1444 456 1508 523 261

231 643 316 706 aqua
345 623 458 707 currit,
488 644 508 686 a
536 621 699 687 diluendo.
729 626 796 687 aab
823 626 931 687 autem
960 621 1177 707 synecdoche,
1200 621 1263 687 hoc
1290 627 1341 687 cst
1371 645 1390 686 a
1417 627 1509 706 parte

230 731 345 793 totum.
394 729 502 794 ‘Varro
529 734 632 794 autem
658 750 763 794 rerum
789 730 969 795 dioiuarum
1001 729 1078 795 libro
1106 728 1235 810 †XIX.
1262 729 1422 796 delubrum
1448 751 1511 796 esse

230 836 306 901 dicit
326 839 384 900 aut
404 835 458 901 ubi
474 837 575 920 plura
592 837 726 902 uumiua
742 836 798 902 aab
819 858 882 902 uuo
902 841 974 902 tecto
994 841 1080 919 suut,
1103 840 1139 900 ut
1156 835 1357 920 Capitolium,
1380 843 1437 902 aut
1457 837 1512 902 ubi

226 947 349 1025 praeter
375 943 480 1008 oedem
507 965 582 1008 area
609 946 652 1010 sit
677 946 843 1028 adsumpta
869 946 959 1010 datm
986 963 1094 1025 causa,
1121 947 1157 1007 ut
1182 944 1218 1008 iu
1244 945 1323 1009 circo
1345 944 1512 1010 Flaminio

231 1049 302 1114 Ioci
320 1048 452 1129 Statori
475 1055 532 1116 aut
553 1053 588 1116 iu
610 1073 670 1134 qao
689 1053 751 1117 Meo
773 1052 822 1117 dei
844 1047 977 1116 dicatum
999 1051 1041 1116 sit
1057 1049 1275 1131 simulacrum,
1296 1049 1457 1138 ullsicut)
1477 1053 1511 1116 iu
1530 1066 1546 1114 6

234 1177 293 1240 quc
314 1157 416 1239 fiauut
438 1157 611 1238 candelam,
638 1159 855 1226 caudelabrum
877 1159 1046 1243 appellaui,
1069 1158 1113 1224 sio
1134 1158 1170 1222 iu
1192 1159 1363 1240 quodcum
1379 1164 1512 1243 ponunt,

232 1263 392 1328 delubrum
413 1264 527 1330 ducant.
563 1287 634 1350 crya
662 1265 712 1332 lic
734 1287 804 1332 cum
821 1267 898 1332 dicit
919 1266 1062 1332 ‘delubra
1079 1267 1124 1330 ad
1139 1285 1262 1331 summa
1284 1265 1456 1346 dracoues'‚
1478 1273 1514 1331 ut

232 1377 308 1438 essct
328 1372 576 1452 manifestatum,
597 1373 752 1439 subiacuit
773 1375 822 1439 dei
848 1373 1066 1452 simulacram;
1094 1374 1207 1439 adiecit
1227 1375 1310 1439 euim
1334 1373 1513 1456 ‘maeque

229 1482 342 1560 petunt
374 1477 547 1544 Tritonidis
580 1478 709 1564 arcem',
739 1499 794 1544 uec
818 1480 1030 1562 praetermisit
1062 1480 1140 1563 quia
1168 1480 1217 1545 dei
1247 1500 1358 1546 uomou
1391 1480 1514 1544 adderet

233 1586 335 1651 dicaris
358 1583 430 1650 ‘sub
446 1585 635 1668 pedibusque
651 1588 724 1651 deae
741 1587 887 1669 clipeique
904 1586 960 1652 sub
978 1586 1048 1652 orbe
1065 1586 1233 1671 loyautar',
1255 1607 1293 1651 uc
1310 1589 1377 1652 siue
1394 1586 1514 1651 ratiouc
1533 1601 1565 1648 10

233 1692 352 1757 delubri
373 1713 484 1758 uorueu
500 1693 642 1758 iutulisse
662 1694 822 1759 uiderem
854 1693 1022 1759 Masurius
1039 1692 1176 1759 Sabinus
1198 1692 1401 1773 delubrum,
1424 1693 1513 1774 cffi—
1551 1769 1564 1797 s

231 1800 322 1884 aies,
344 1820 366 1863 a
388 1798 639 1864 delibratiouc
659 1800 829 1878 corticis;
857 1821 942 1864 uam
968 1801 1119 1882 autiqui
1143 1801 1313 1881 felicium
1339 1801 1514 1865 arborum

234 1925 357 1971 ramos
382 1907 518 1972 cortice
543 1907 707 1972 detracto
739 1907 779 1971 iu
806 1907 959 1989 efficies
986 1908 1135 1972 deorum
1160 1907 1389 1991 formabant,
1421 1909 1515 1972 uude
1601 1911 1604 1920 '

236 2013 370 2078 Graeci
393 2009 538 2091 ξόανον
560 2015 699 2080 dicuat.
743 2014 802 2079 alii
823 2013 983 2079 delubrum
1005 2015 1113 2079 diaeut
1134 2015 1280 2096 templum
1307 2015 1347 2079 ab
1373 2035 1406 2079 co
1434 2017 1517 2098 quod

234 2119 315 2184 arilli
335 2120 476 2184 iunctum
497 2121 637 2202 aedificio
653 2121 770 2203 pluuia
791 2121 940 2186 diluatoar.
1534 2125 1567 2182 16

323 2226 397 2292 226.
435 2244 569 2292 suavus
593 2226 703 2306 fortis,
733 2231 790 2292 au't
812 2227 948 2293 nobilis:
975 2229 1096 2293 autad
1117 2233 1234 2310 temus
1255 2227 1406 2311 epitlutou
1428 2231 1514 2294 addi·

236 2337 314 2417 lum,
335 2338 392 2397 aut
413 2354 505 2398 saeva
526 2333 609 2398 cirea
634 2335 793 2400 Troianos.
1488 2341 1493 2350 “

324 2441 398 2504 227.
436 2456 500 2506 sva
528 2457 749 2519 raamvsova
777 2457 873 2505 uasa
901 2441 1028 2507 scilicet
1056 2442 1188 2507 maioris
1222 2442 1400 2526 simulacri,
1421 2425 1514 2528 ¹quod

236 2569 256 2610 a
285 2547 410 2610 cunctis
440 2546 580 2632 videtur3
611 2571 688 2612 narn
717 2548 804 2632 quod
835 2548 953 2614 colitur
984 2551 1018 2613 ab
1045 2549 1142 2613 bravc
1170 2553 1221 2614 est
1248 2552 1282 2615 st
1308 2549 1403 2634 laist,
1431 2551 1517 2615 sicui

238 2653 420 2718 Palladium
447 2653 563 2720 iuerat.
608 2676 672 2720 uou
698 2675 768 2737 crya
791 2656 979 2720 cutoriam
1001 2656 1148 2736 estquod
1168 2661 1240 2737 post
1260 2661 1385 2739 rupicem
1408 2655 1514 2721 Palla·
1534 2669 1568 2716 so

238 2762 325 2826 dicem
347 2761 455 2825 iutulit
478 2759 591 2827 ‘aeae’.
628 2783 703 2828 saue
725 2761 780 2826 boc
803 2763 865 2826 loco
889 2759 975 2826 ‘aab'
993 2761 1185 2846 particulam
1207 2764 1336 2828 secundo
1359 2763 1514 2844 repeterulo

238 2869 360 2950 uitrique
381 2867 469 2933 casui
491 2869 611 2933 iuueit:
634 2870 820 2947 accusativo,
843 2889 911 2932 curu
930 2869 1056 2950 proprie
1073 2870 1270 2953 siquidem,
1291 2874 1329 2934 ut
1344 2871 1388 2934 sit
1408 2868 1516 2952 ‘prope
1606 2933 1610 2938 .

233 2975 324 3056 pedes
346 2973 452 3053 elaae’;
475 2980 504 3039 ct
526 2974 597 3040 ‘sub
619 2974 713 3054 orbe',
736 2975 883 3061 ablativo,
905 2975 940 3038 id
960 2979 1005 3039 cst
1026 2975 1114 3055 iufra
1132 2975 1245 3058 arbem,
1267 2982 1304 3041 ut
1324 2997 1430 3058 saepe
1451 2976 1516 3041 sub

237 3083 390 3146 inmotis
406 3082 655 3166 praesepibus.
742 3099 930 3160 curramus
954 3099 1019 3147 sva
1043 3099 1135 3147 osus:
1160 3087 1196 3146 ut
1218 3082 1361 3147 maxims
1383 3105 1458 3166 pars
1482 3083 1516 3146 in

238 3189 360 3272 spiram
387 3189 525 3254 collecta
553 3192 628 3253 anie
656 3188 755 3273 pedes
783 3189 835 3253 sii
887 3188 984 3263 colla,
1002 3211 1077 3252 vero
1108 3211 1180 3253 cunr
1209 3188 1370 3273 capitibus
1399 3191 1515 3254 erectis
1534 3203 1568 3250 26

237 3297 315 3379 post
337 3295 490 3379 clipeum,
513 3295 546 3359 id
570 3299 620 3360 esi
643 3296 728 3360 inter
751 3299 879 3360 scutum
904 3299 937 3360 et
960 3296 1170 3360 simulacrum
1193 3296 1271 3360 deae
1294 3296 1456 3361 latebant:
1481 3304 1517 3362 ui

239 3402 345 3466 estin
368 3402 491 3485 templo
515 3403 607 3467 urbis
630 3401 761 3467 Romae.

240 3561 450 3572 -n—..ffl

310 3655 344 3703 23
364 3649 453 3720 Saepo
472 3649 537 3722 sub]
555 3666 650 3720 georg.
671 3648 780 3703 111416

298 3797 451 3804 ῌ--η-

312 3889 326 3936 1
346 3883 462 3950 sortasse
480 3880 618 3936 deluendo
640 3881 651 3950 ΙΙ
673 3887 689 3934 2
713 3881 873 3937 Varro...
892 3878 991 3950 pluuia
1008 3880 1132 3936 diluatur
1149 3883 1181 3936 iu
1198 3898 1284 3951 muro.
1303 3883 1414 3952 aempt.
1433 3881 1516 3938 Busi-

242 3952 338 4008 leeusis
355 3955 466 4022 suipsit
485 3950 589 4007 Dauid
610 3954 620 4021 ιΙ
642 3953 689 4006 lib.
710 3952 800 4006 XXIX
819 3951 924 4006 Daniel
946 3952 994 4006 lib.
1016 3958 1056 4006 19.
1080 3953 1228 4022 Scioppius
1250 3953 1517 4010 1161111111οΜ-

239 4026 355 4079 rudiuus
383 4025 539 4079 Mauricius
563 4024 746 4079 Burmauuus
770 4025 852 4080 Liou.
897 4025 985 4078 Varro
1013 4023 1084 4078 libro
1112 4027 1212 4079 octaua
1240 4042 1331 4080 rarum
1359 4025 1516 4081 diuinarum

242 4097 412 4150 Macrobius.
445 4111 505 4150 cum
528 4101 602 4148 secto
625 4111 716 4150 cuum
738 4097 898 4151 diuinarum
922 4095 991 4149 libro
1014 4096 1079 4150 baec
1101 4096 1183 4150 uerba
1206 4097 1352 4151 tribuenda
1375 4114 1428 4152 esse
1451 4103 1519 4152 recte

239 4169 367 4221 statuisse
392 4167 519 4221 uideatur
543 4167 694 4221 Merbdius
716 4169 832 4237 (protea.
856 4167 894 4222 ad
918 4167 966 4222 Oc.
985 4169 1050 4233 sust.
1071 4183 1100 4235 p.
1123 4171 1196 4234 123),
1219 4169 1251 4221 iu
1278 4185 1307 4222 eo
1334 4168 1418 4236 libra,
1441 4185 1518 4238 quem

239 4243 264 4292 et
284 4239 448 4292 Macrobius
470 4243 495 4292 et
516 4238 561 4291 bic
583 4238 738 4292 scholiastes
760 4239 917 4307 exscripsit,
940 4239 1026 4305 fuisse
1049 4239 1151 4292 cauicci
1175 4238 1285 4293 ‘Varro
1308 4240 1379 4294 libro
1404 4239 1521 4293 XXXI

240 4311 451 4378 antiquitatum,
474 4309 523 4378 qui
545 4314 584 4363 est
612 4309 657 4363 VI
678 4327 769 4364 rerum
792 4309 979 4377 diuinarum',
1002 4309 1075 4364 uude
1099 4309 1261 4364 Macrobius
1284 4309 1389 4364 dederit
1409 4309 1520 4365 ‘Varro

240 4381 311 4434 libro
324 4387 398 4436 scoto
412 4397 503 4435 rerum
517 4380 698 4448 diuiuaram',
711 4381 876 4437 scholiastes
894 4381 999 4435 ‘Varro
1014 4398 1105 4434 rerum
1121 4382 1281 4435 diuinarum
1295 4381 1365 4436 libro
1382 4381 1497 4434 XXXI
1501 4382 1518 4435 ’.

240 4452 274 4518 cf.
295 4458 408 4521 auuestt.
427 4451 501 4508 Sero.
517 4469 547 4522 p.
567 4457 601 4506 26
627 4457 652 4506 et
672 4452 703 4510 Ο.
723 4453 868 4524 Gruppius
891 4453 924 4508 de
947 4451 1027 4507 Varr.
1048 4453 1177 4520 antiquit.
1201 4469 1253 4506 rer.
1273 4452 1344 4508 bum.
1363 4453 1411 4508 rel.
1426 4469 1456 4520 p.
1477 4459 1492 4506 6
1512 4455 1520 4522 l!

241 4529 257 4576 6
276 4523 336 4578 1ουί
354 4523 442 4578 sutori
459 4521 564 4578 Daniel
585 4525 595 4592 11
618 4524 691 4579 sicut
708 4527 818 4592 auaui,
843 4526 877 4593 cs.
900 4525 1062 4578 Macrobius
1084 4526 1094 4592 ΙΙ
1117 4530 1132 4577 6
1151 4525 1259 4592 ponunt
1276 4522 1394 4577 Daniel:
1412 4524 1521 4592 ponunt

243 4593 266 4647 0
290 4597 300 4664 [Ι
328 4601 360 4648 11
385 4593 522 4650 Masurius
549 4595 652 4650 Dauiel
678 4595 829 4651 Massurius
858 4597 882 4651 0
905 4599 915 4664 l
941 4601 971 4648 lb
997 4595 1114 4661 sudasse
1140 4593 1270 4649 deluatur
1283 4596 1312 4662 ,11
1330 4600 1362 4648 19
1385 4611 1403 4649 a
1430 4594 1520 4648 cuntis

242 4665 306 4718 Lu
316 4667 327 4736 ΙΙ
346 4666 421 4734 quod
439 4681 457 4719 a
475 4666 565 4720 cuniis
585 4666 687 4722 colitur
705 4666 731 4720 L
751 4669 760 4736 [Ι
783 4673 816 4720 22
835 4666 960 4736 propris]
979 4682 1029 4734 pro
1049 4665 1205 4718 Masoicius
1223 4681 1309 4734 prope
1328 4665 1520 4720 Buumaauses.

239 4776 302 4840 past
321 4770 433 4840 proprie
451 4787 508 4826 uau
525 4773 605 4826 uuila
623 4771 792 4826 intercidisse
812 4772 946 4826 videatur.
961 4773 971 4840 ΙΙ
985 4777 1018 4824 26
1037 4771 1113 4842 spira
1131 4771 1164 4824 H
1179 4774 1189 4840 ΙΙ
1207 4772 1323 4838 sortasse
1344 4775 1410 4828 ants
1435 4772 1520 4843 pedes

242 4842 478 4969 filiololsllalem
502 4883 509 4896 .
529 4886 535 4897 .
556 4886 561 4897 .
585 4845 693 4898 lateant
714 4845 724 4913 {l
747 4849 781 4897 26
805 4843 837 4896 ut
859 4845 904 4897 cub
925 4842 954 4898 iu
976 4843 1083 4913 templo
1107 4841 1182 4897 urbis
1206 4844 1310 4916 Romus
1333 4845 1429 4900 dubito
1453 4861 1521 4899 uum

296 5013 371 5053 sinii
385 5023 466 5054 comm.
479 5014 542 5054 Tam.
557 5013 576 5053 1.
590 5013 656 5054 suo.
670 5013 688 5055 1.
1275 5008 1307 5058 ll
