3590 5558
327 498 366 552 VI
840 497 1055 552 PRAEFATIO.

330 659 425 744 1532,
453 657 584 745 Georgii
608 658 749 724 Fabricii
777 683 805 724 a.
831 659 925 742 1575,
955 658 1044 725 Petri
1067 657 1219 732 ,Danielis
1248 681 1275 722 a.
1305 659 1390 724 1500
1422 657 1604 722 Abralrami

327 764 518 831 Commelini
547 789 575 831 a.
600 766 696 851 1645,
722 764 885 830 Pancratii
907 765 1055 831 Masricfi
1084 789 1111 830 a.
1134 767 1232 850 1717,
1260 765 1351 830 Petri
1374 765 1553 830 Burmanni
1579 787 1607 828 a.

227 917 231 924 -
330 874 424 957 1764,
446 872 575 938 Alberti
599 873 711 938 Lienis
735 897 763 940 a.
786 874 879 938 1826.
920 872 1103 938 Fabricium
1126 893 1283 938 moneoe
1307 873 1390 938 libro
1413 871 1605 937 Dresdensis

328 979 428 1044 simili
443 977 589 1044 Servium
605 979 757 1064 edidisse,
776 977 975 1045 Commelino
989 979 1232 1064 praestoduisse
1246 978 1437 1044 Danielinse
1451 978 1604 1042 editionis

327 1086 489 1170 exemplar
517 1108 537 1149 a
565 1083 701 1150 Claudio
726 1085 885 1151 Salmasio
914 1085 1024 1150 multis
1055 1086 1133 1151 locis
1162 1085 1381 1170 emendatum,
1413 1084 1605 1150 Masvicium

326 1191 486 1256 Theodori
513 1192 632 1276 Ryckii
661 1192 787 1257 schedis
819 1215 913 1257 usum
941 1215 1020 1258 esse,
1070 1193 1260 1278 scripturas
1280 1196 1337 1257 aut
1371 1192 1520 1258 omnibus
1550 1195 1607 1256 aut

325 1300 486 1384 plerisque
519 1299 685 1384 impressis
718 1301 956 1385 exemplaribus
984 1321 1169 1366 communes
1204 1299 1326 1388 ‘vulgo'
1354 1303 1499 1383 receptas
1529 1297 1605 1382 dixi,

324 1427 399 1471 raro
422 1406 464 1470 iis
487 1429 513 1489 φ
538 1407 666 1492 signum
689 1407 831 1491 adposui.

388 1517 394 1526 '
414 1513 531 1577 Restat
558 1519 594 1577 ut
621 1514 667 1578 eis
693 1515 772 1579 viris
802 1515 942 1600 egregiis
968 1515 1022 1598 qui
1046 1516 1079 1580 in
1103 1514 1165 1579 hoe
1187 1535 1283 1598 opere
1304 1512 1500 1599 'perficiendo
1524 1511 1604 1575 mihi

326 1619 486 1684 affuerimt
509 1621 631 1704 gratias
651 1641 747 1706 agam
766 1642 863 1705 quam
879 1621 1045 1685 inanimes.
1082 1620 1190 1706 Atque
1204 1620 1423 1686 Fridericus
1448 1617 1605 1684 Schoel·

325 1726 402 1791 lius
433 1749 499 1792 uon
533 1727 638 1792 solum
670 1727 703 1791 in
735 1727 877 1812 plagulis
906 1727 1103 1814 corrigendis
1134 1727 1358 1793 lubentissime
1386 1748 1437 1791 me
1470 1725 1604 1809 adiuvit,

326 1833 499 1898 sedetiam
519 1855 601 1918 quae
619 1835 704 1898 iuter
723 1833 946 1918 corrigendum
965 1835 1028 1917 ipsi
1052 1833 1087 1898 in
1110 1839 1250 1899 mentem
1273 1837 1429 1899 venerant
1452 1832 1602 1898 continuo

274 1975 276 1978 ·
325 1960 451 2004 mecum
482 1941 722 2005 communicans
755 1942 788 2004 et
815 1925 1050 2004 dubitationem
1078 1963 1211 2006 movens
1240 1941 1347 2025 siquid
1373 1963 1488 2025 parum
1515 1927 1603 2004 recte

326 2045 569 2111 administrasse
597 2046 729 2111 videbar
758 2047 880 2130 optime
908 2045 946 2110 de
974 2045 1036 2112 hoc
1063 2046 1146 2112 libro
1174 2047 1308 2112 meritus
1336 2050 1394 2111 est
1440 2046 1603 2112 codicibus

326 2156 433 2218 autem
462 2153 671 2236 procurandis
699 2151 1021 2237 transmittendisque
1050 2152 1112 2217 sibi
1142 2176 1194 2219 me
1222 2153 1435 2218 devinxerunt
1457 2153 1603 2219 Guliel-

325 2282 405 2325 mus
433 2259 716 2325 Brambachius
745 2262 778 2323 et
800 2258 984 2324 Alfredus
1008 2259 1200 2326 Holderus
1224 2259 1503 2345 Caroliruhenses‚
1531 2257 1602 2325 Ca·
1705 2243 1710 2250 ”

325 2367 432 2432 rolu's
454 2366 631 2431 Halmius
655 2365 875 2450 Monacensis,
902 2365 946 2431 M.
968 2361 1114 2431 Islerus
1136 2363 1409 2454 Hamburgensis,
1438 2366 1601 2433 loannes

325 2471 581 2539 Schubartius
623 2469 844 2556 Cassellanu8‚
890 2469 1052 2556 Carolus
1094 2471 1432 2559 Zangemeisterus
1473 2473 1601 2538 Heidel-

323 2579 500 2664 bergensis.

414 2738 481 2806 Scr.
504 2709 739 2824 Heidelbergac
763 2745 872 2802 mense
897 2737 1036 2804 Octobri
1055 2763 1083 2805 a
1106 2737 1433 2806 MDOGOLXXVHI.

1196 2943 1359 3028 Georgius
1387 2940 1494 3011 Thilo.
