3638 5546
340 469 405 533 350
916 463 1037 522 SERVII

223 626 226 632 ’
339 633 577 716 insepultorum
609 631 734 695 animas
763 651 863 714 vagas
891 651 976 694 esse:
1007 633 1089 714 [cryc
1115 634 1277 712 venantem
1304 629 1420 694 circum
1445 631 1622 714 sepulcrum

339 741 508 822 sipac'ficut]
534 743 566 803 et
588 737 674 802 buno
699 741 828 803 constat
849 759 916 802 non
939 737 1089 821 legitime
1113 736 1278 820 sepultum
1301 736 1410 800 fuisse.
1455 739 1517 802 rite
1539 759 1622 824 ergo

340 845 467 912 reddita
492 845 642 928 legitima
664 844 845 928 sepultura,
874 843 958 909 redit
981 845 1090 908 anima
1113 843 1153 907 ad
1177 843 1320 926 quietem
1343 843 1494 928 sepulcri,
1521 867 1622 930 quam

341 950 443 1018 Stoici
475 949 693 1028 herciscundi‚
726 950 757 1014 id
790 945 840 1016 est
871 951 1011 1014 medinm
1042 949 1157 1032 secuti,
1189 954 1258 1014 tam
1282 949 1337 1014 diu
1361 950 1476 1016 durare
1499 951 1622 1034 dicunt,

304 1069 435 1142 squam
459 1059 514 1123 diu
537 1057 632 1122 durat
655 1060 687 1120 et
710 1078 841 1140 corpus:
869 1058 953 1122 unde
976 1057 1148 1143 Aegyptii,
1169 1056 1268 1139 periti
1292 1058 1466 1140 sapientia,
1489 1059 1623 1124 condita

341 1165 462 1229 diutius
481 1166 650 1228 reservant
669 1163 835 1246 cadevera,
856 1165 980 1229 scilicet
998 1169 1036 1228 ut
1054 1163 1161 1228 anima
1180 1164 1284 1228 multo
1303 1169 1449 1248 tempore
1467 1165 1622 1249 perduret

344 1277 377 1338 et
400 1271 528 1355 corpori
552 1272 596 1336 sit
619 1271 773 1354 obnoxia,
801 1291 860 1334 nce
884 1269 948 1334 cito
973 1271 1013 1334 ad
1038 1271 1119 1336 alios
1142 1274 1297 1336 transeat.
1342 1269 1482 1336 Romani
1505 1277 1622 1337 corba

340 1379 512 1461 faciebant,
536 1377 760 1442 comburentes
784 1377 950 1455 cadavera,
974 1381 1010 1442 ut
1034 1378 1148 1442 statim
1172 1378 1283 1442 anima
1305 1377 1338 1441 in
1361 1377 1621 1463 generalitatem,

340 1486 374 1551 id
397 1490 448 1550 est
471 1486 504 1548 in
526 1506 618 1550 suam
641 1486 791 1548 naturam
814 1484 945 1548 rediret.
982 1483 1062 1548 dicit
1085 1505 1163 1570 ergo
1187 1503 1272 1548 nune
1296 1483 1464 1548 sacrificiis
1488 1485 1620 1570 quibus·

289 1603 322 1652 10
340 1592 415 1656 dam
447 1591 590 1656 elicitam
623 1591 763 1654 animam
800 1593 833 1654 et
865 1591 1012 1673 sepulcro
1042 1591 1206 1656 conditam
1234 1590 1471 1677 obnoxiamque
1498 1591 1619 1656 factam

340 1699 481 1782 corpori,
512 1698 597 1783 quod
630 1702 706 1761 ante
739 1696 907 1779 horrebat,
940 1697 1033 1782 quasi
1062 1720 1120 1782 per
1147 1697 1214 1762 vim
1242 1703 1378 1763 extorta.
1407 1698 1480 1763 ideo
1509 1703 1620 1763 autem

341 1789 468 1870 Stoicos
491 1804 633 1868 medium
658 1803 749 1887 sequi
774 1803 925 1886 diximus,
949 1805 1026 1887 quia
1048 1803 1145 1868 Plato
1168 1809 1358 1888 perpetuam
1382 1805 1460 1870 dicit
1478 1806 1620 1870 animam

341 1916 374 1975 et
406 1913 446 1976 ad
478 1912 606 1976 diversa
638 1932 774 1994 corpora
805 1911 980 1975 transitum
1012 1912 1118 1976 facere
1149 1914 1263 1977 statim
1290 1933 1348 1996 pro
1377 1912 1504 1977 meritis
1532 1912 1620 1976 vitae

340 2017 467 2102 prioris.
504 2018 709 2103 Pythagoras
729 2039 889 2082 veronen
908 2015 1173 2102 μετεμψύχωσιν,
1198 2019 1253 2082 sed
1272 2021 1530 2101 παλιγγενεσίαν
1548 2039 1620 2083 esse

290 2136 322 2184 15
342 2125 429 2207 dicit,
452 2126 514 2189 hoc
538 2130 590 2190 eet
612 2124 726 2206 redire,
749 2124 806 2188 sed
827 2129 903 2208 post
924 2128 1061 2208 tempus.
1130 2143 1320 2191 svrnsnvu
1339 2147 1403 2190 non
1424 2129 1474 2190 est
1493 2147 1620 2207 nomen,

341 2231 396 2296 sed
420 2232 617 2315 adverbium,
640 2236 677 2295 ut
701 2229 886 2315 <V11399>
905 2237 1057 2297 torvum
1076 2234 1229 2299 clamat.
1300 2251 1424 2298 cmnvs
1443 2235 1551 2297 autem
1570 2239 1622 2296 est

340 2339 512 2404 hocloco:
542 2338 678 2402 dicimus
702 2358 792 2401 more
816 2325 981 2422 sollemni,
1009 2341 1044 2403 id
1064 2345 1108 2404 est
1129 2341 1217 2404 tertio
1241 2339 1343 2423 ‘vale,
1367 2343 1483 2404 noste
1507 2339 1621 2402 ordine

341 2466 404 2530 quo
428 2448 545 2510 natura
567 2445 752 2528 permiserit
775 2431 882 2510 cuncti
907 2445 1098 2530 sequemur’.
1134 2449 1261 2530 quidum
1282 2448 1390 2512 dieunt
1411 2467 1516 2511 cortun
1537 2467 1621 2510 mor-

342 2557 465 2617 tuorum
489 2553 617 2618 nominc
640 2557 685 2616 ter
706 2553 898 2633 cocoquui
920 2553 955 2616 ia
978 2553 1081 2616 aliena
1104 2558 1187 2616 terra
1210 2554 1421 2633 dimittuntur,
1443 2558 1480 2617 ut
1501 2555 1535 2617 iu
1564 2552 1620 2617 VI.

288 2671 322 2718 20
343 2659 451 2743 <506>
474 2664 509 2724 ct
529 2679 661 2742 muyna
682 2679 806 2723 manes
830 2664 883 2723 ter
905 2679 986 2722 voce
1007 2661 1142 2724 vocavi.

430 2767 481 2830 69.
518 2762 588 2850 (vor
607 2763 712 2850 111111)
746 2753 965 2831 oross'rrrrco
995 2765 1050 2832 boc
1080 2772 1136 2844 est,
1171 2767 1224 2830 ubi
1254 2769 1345 2848 fidem
1375 2768 1482 2850 pclcyo
1512 2766 1622 2831 babere

340 2873 504 2956 coepimus,
535 2891 591 2936 nos
623 2875 686 2934 tuto
717 2874 925 2955 muipaturos.
1043 2889 1147 2936 uinus
1180 2889 1320 2938 PELAGO
1353 2875 1429 2958 quia
1461 2874 1541 2938 alibi
1573 2873 1623 2937 ait

341 2978 392 3062 <V
417 2979 503 3060 851>
526 2978 675 3042 totiens
699 2978 883 3062 deceptus
906 2979 1042 3043 fraude
1066 2980 1202 3045 sereni.

431 3085 482 3149 70.
518 3101 620 3148 nuruis
645 3101 836 3150 ornemus
860 3103 996 3150 111111
1023 3086 1086 3150 duo
1115 3086 1261 3170 epitheta
1289 3086 1399 3169 posuit
1426 3087 1556 3171 vitiose,
1584 3090 1623 3150 ut

288 3205 321 3252 25
342 3192 479 3255 diximus
504 3213 602 3284 supra
625 3190 679 3272 <11
702 3192 803 3280 392>:
834 3192 912 3256 fecit
936 3197 1043 3256 autem
1067 3192 1129 3257 hoc
1152 3215 1252 3278 prope
1275 3194 1309 3257 in
1332 3193 1441 3258 decem
1465 3193 1621 3258 versibus.

343 3295 474 3361 ‘auster'
505 3303 613 3362 autem
637 3299 744 3383 quivis
767 3303 896 3363 ventus:
922 3320 999 3363 num
1021 3302 1065 3364 od
1088 3300 1259 3365 Thraciam
1280 3301 1425 3382 aquilone
1446 3301 1621 3382 scopatur.

343 3423 555 3432 -ι---.

415 3478 430 3527 3
449 3489 533 3542 quam
552 3489 585 3526 ee
604 3489 686 3542 quem
706 3474 731 3526 L
748 3475 758 3542 ΙΙ
779 3473 891 3528 hirtoioi
910 3475 941 3527 F
957 3475 967 3544 ΙΙ
989 3475 1199 3530 therciscundi
1217 3475 1247 3529 id
1266 3478 1309 3530 est
1327 3474 1450 3528 medium
1469 3475 1558 3530 secuti
1577 3475 1620 3528 F.-

342 3543 441 3627 dioimt
459 3561 522 3598 aere
541 3545 663 3598 secunda
682 3545 711 3598 id
730 3546 772 3599 est
790 3545 816 3597 L
843 3545 881 3598 id.
907 3546 930 3600 i.
956 3547 1106 3600 secundum
1130 3547 1254 3602 medium
1273 3547 1362 3601 secuti
1380 3546 1413 3600 Η
1438 3546 1559 3601 medium
1580 3564 1622 3600 se·

579 3621 767 3628 ——-—-—-—--

341 3655 457 3738 quantes
478 3651 549 3704 ME
572 3655 613 3718 (ul
636 3650 725 3705 secuti
748 3669 880 3720 suprascr.
900 3655 950 3718 nce)
969 3653 998 3704 id
1018 3654 1061 3706 ost
1079 3651 1163 3707 divisi
1177 3653 1305 3712 ‚medium
1323 3655 1470 3722 sequentes
1488 3655 1620 3724 mytlropr.

341 3719 524 3792 ημισεύοντες
549 3723 577 3776 id
604 3725 647 3776 est
669 3722 791 3776 medium
816 3723 905 3777 secuti
923 3719 1048 3792 Ryclius
1070 3723 1151 3778 terris
1176 3725 1258 3779 condi
1281 3725 1310 3778 id
1329 3729 1372 3778 eet
1389 3724 1513 3778 medium
1532 3725 1621 3778 secuti

343 3793 500 3848 Mauricius
518 3799 542 3847 et
556 3794 738 3847 Burmannus
750 3796 790 3864 114
810 3811 895 3862 quam
910 3794 970 3864 diu]
987 3810 1071 3862 cluam
1085 3795 1134 3862 qui
1149 3795 1200 3864 Fu
1214 3794 1368 3866 sapientiae
1385 3795 1414 3847 F
1439 3795 1467 3852 in
1483 3795 1621 3864 sapientia

340 3866 472 3934 nrytboyr.
490 3866 500 3933 ΙΙ
517 3864 662 3918 incondita
680 3865 705 3917 L
723 3866 733 3933 ΙΙ
752 3873 767 3919 6
787 3864 954 3920 reseruande
974 3865 1008 3918 Η
1033 3869 1207 3920 reseruantes
1227 3867 1298 3920 ME
1314 3869 1324 3936 l
1344 3873 1358 3920 7
1378 3865 1455 3920 aliud
1475 3866 1506 3920 F
1516 3870 1526 3937 ΙΙ
1544 3873 1560 3920 9
1579 3883 1621 3920 re·

342 3957 434 4008 curret
450 3955 486 4008 Μ
504 3957 669 4020 (recurreret
687 3971 722 4019 m,
741 3957 771 4008 al
789 3954 893 4008 rediret
906 3955 1019 4016 adderes)
1035 3957 1065 4007 ul
1078 3960 1233 4010 recurreret
1245 3973 1377 4024 superscr.
1392 3959 1428 4026 cll
1444 3963 1474 4009 11
1490 3938 1622 4010 horrebat

341 4025 375 4078 L.
394 4027 510 4091 fortusse
528 4025 640 4079 errabat
661 4026 671 4093 ΙΙ
696 4031 727 4078 13
748 4025 870 4096 diversa]
890 4043 972 4079 uersa
990 4025 1022 4078 Η
1038 4027 1048 4094 ΙΙ
1073 4033 1105 4104 11
1123 4027 1287 4096 phitagoras
1306 4027 1371 4080 LH
1395 4028 1538 4096 pitagorae
1559 4027 1597 4079 Μ
1612 4058 1615 4096 ι

521 4123 631 4154 relcuom
646 4119 653 4154 l

341 4185 397 4223 uon
415 4167 642 4221 usrsnurcrcnrci
669 4166 717 4220 sed
737 4165 954 4236 palingeuecrau
973 4181 1032 4220 csse
1052 4166 1154 4220 dicitur
1172 4167 1208 4234 L,
1226 4185 1276 4222 om.
1296 4169 1329 4222 H
1344 4186 1401 4223 non
1419 4168 1620 4237 metempsicon

342 4274 580 4343 (metempricosin
599 4278 635 4340 m)
660 4271 708 4326 sed
727 4271 926 4341 palangeneeia
943 4289 1004 4326 esse
1023 4271 1093 4326 dicit
1113 4273 1149 4326 M
1174 4275 1184 4342 ss
1213 4281 1245 4327 16
1264 4275 1307 4328 cst
1325 4275 1449 4328 deleniti
1476 4275 1486 4341 fl
1515 4280 1546 4326 17
1567 4274 1621 4327 hoc

344 4347 406 4400 loco
426 4345 500 4414 quod
519 4343 638 4398 dicimus
658 4342 688 4396 F
703 4347 713 4411 ΙΙ
731 4343 869 4412 solempni
888 4345 917 4395 F
944 4343 1061 4398 solemni
1081 4344 1130 4413 Lu
1150 4346 1224 4414 vale]
1245 4345 1323 4399 uolla
1340 4345 1371 4397 F
1382 4347 1392 4413 ΙΙ
1410 4362 1459 4398 nos
1478 4344 1519 4414 te]
1539 4343 1620 4397 Nosti

343 4417 377 4470 Η
396 4419 406 4486 fl
429 4423 460 4470 18
480 4414 622 4482 sequimur
641 4414 702 4466 ΜΗ
723 4415 733 4482 ΙΙ
757 4419 789 4469 19
807 4415 851 4485 ut]
872 4417 922 4469 aut
940 4414 971 4467 F
991 4418 1001 4484 ΙΙ
1024 4422 1058 4469 20
1078 4417 1115 4468 ud
1133 4415 1223 4484 primo
1242 4416 1310 4470 fides
1329 4433 1415 4484 supra
1436 4433 1538 4468 srrsum
1557 4417 1622 4468 boec

343 4489 485 4555 adscripta
509 4489 540 4539 ia
562 4486 587 4538 Τ
612 4487 761 4554 postquam
781 4485 848 4540 data
867 4488 910 4540 est
928 4486 1008 4540 nobis
1027 4487 1129 4540 fiducia
1147 4487 1175 4539 in
1194 4487 1295 4555 pelago
1314 4487 1373 4541 siue
1392 4491 1539 4555 postquam
1559 4503 1621 4540 coe·

343 4559 436 4627 pimus
462 4557 565 4612 habere
591 4557 675 4610 fidem
697 4556 726 4608 in
751 4557 853 4626 pelao
879 4574 929 4611 uos
954 4558 1017 4611 tuto
1035 4557 1225 4626 nauigaturos.
1249 4559 1258 4626 ll
1281 4564 1314 4611 22
1335 4577 1411 4610 rmus
1430 4576 1534 4610 remeo
1554 4557 1621 4624 quis

415 4629 506 4683 sereni
524 4645 574 4683 om.
595 4627 654 4698 Fll
677 4627 720 4681 ait
737 4643 787 4682 om.
855 4631 865 4695 [Ι
888 4634 921 4681 23
941 4645 1052 4682 serenus
1071 4629 1105 4681 H
1122 4630 1132 4696 ΙΙ
1154 4633 1189 4682 ct
1209 4628 1312 4682 uitiosa
1330 4628 1388 4695 ΗΙΙ
1408 4635 1441 4682 25
1460 4627 1560 4700 prope]
1579 4629 1620 4681 in·

343 4700 455 4770 proprie
475 4699 506 4754 F
521 4699 664 4769 inproprie
682 4715 769 4768 prope
788 4699 943 4766 Stephanus
960 4701 970 4766 l
992 4706 1026 4752 26
1046 4699 1138 4767 quiuis
1157 4701 1256 4753 ventus
1277 4699 1354 4752 FH:
1373 4699 1472 4768 quouis
1491 4705 1576 4754 uento
1595 4699 1620 4752 L

342 4789 393 4840 pro
412 4773 511 4840 quouis
529 4775 615 4826 uento
636 4770 672 4824 M
677 4770 720 4823 El
742 4773 752 4840 ΙΙ
774 4770 886 4841 ventus]
909 4769 1049 4838 quomodo
1072 4773 1166 4824 auster
1184 4787 1217 4824 ex
1237 4771 1370 4837 Tbrucia,
1394 4787 1456 4824 cum
1476 4770 1546 4824 lenis
1565 4771 1619 4824 sit?

342 4841 686 4968 2⁰¹⁰if⁰r²p‘a⁰⁸t⁰r'1pr⁰
710 4840 836 4964 puolibet
857 4847 941 4896 uento
966 4840 1118 4910 accipimus
1142 4843 1229 4896 Istone
1251 4847 1314 4896 teate
1332 4843 1396 4897 odd.
1416 4843 1553 4918 Guelferb.
1573 4842 1595 4895 I
1612 4880 1614 4897 .

356 4931 402 4968 rac
424 4915 452 4968 ia
494 4913 507 4978 ’,
531 4931 599 4967 corr.
636 4916 712 4967 lanio
