3638 5546
546 437 659 494 uoltu.
680 439 719 494 IN
738 439 845 494 vultu.
865 440 947 494 AEN.
968 440 1002 495 11.
1023 447 1172 498 ree-mo.
1433 442 1497 506 325

306 603 380 668 733.
418 619 665 680 Pnoeruqvnun
689 625 755 668 non
778 603 857 670 dicit
880 604 950 689 qui,
972 608 1106 689 propter
1129 608 1316 689 sequentem
1337 605 1377 670 de
1396 605 1497 690 Gory-

213 709 367 774 bnntibus
391 710 621 775 oeconomiam.
698 728 813 776 cunno
836 733 900 778 uon
917 712 999 777 nielli
1016 717 1181 794 quaerunt,
1203 733 1240 777 ea
1257 713 1345 784 atius
1361 733 1497 795 peremta

214 816 333 882 eoerno'
356 819 472 882 dictum
494 818 544 882 eit.
570 819 623 882 sed
645 816 744 883 altius
768 817 931 884 intuentes
956 818 1085 884 ‘cerno’
1107 820 1237 884 Aeneae
1261 818 1354 904 dant,
1375 825 1411 886 ut
1432 823 1496 904 ipse

213 924 295 990 hura
316 944 437 990 aunem
459 924 573 990 deense
595 925 747 990 amentur,

302 1031 375 1097 735.
411 1057 513 1098 ansero
526 1057 602 1104 eron
618 1057 739 1100 rnrrrno
761 1035 916 1098 excusatio
942 1039 987 1100 cst
1013 1035 1151 1117 contupis
1180 1033 1301 1116 mamm
1327 1034 1529 1103 derelictaec

211 1143 239 1204 et
261 1139 332 1204 bene
355 1137 469 1204 ‘necem
491 1137 587 1220 quod'
612 1139 671 1222 uit,
694 1140 770 1221 quic
791 1138 846 1204 troc
862 1145 971 1222 postea
992 1161 1014 1204 a
1031 1140 1197 1206 sirrmlcero
1219 1142 1328 1206 uaeris
1350 1144 1495 1226 canescit.

299 1263 395 1310 unns
428 1263 551 1310 uvuuu
584 1263 721 1310 nuruum
753 1267 819 1310 non
852 1267 923 1311 cum
956 1247 1207 1312 utilitatemee
1242 1247 1354 1312 fauens
1391 1249 1494 1332 uxori,

212 1351 352 1438 quaein
374 1373 543 1417 numerum
572 1351 796 1418 ministrarum
825 1353 942 1418 matris
969 1353 1064 1418 deum
1094 1353 1199 1420 relate
1226 1359 1285 1420 est.
1329 1354 1376 1422 uel
1398 1353 1495 1422 ‘nau

210 1457 360 1524 amieum’
383 1460 516 1541 tranem,
538 1463 574 1523 ut
596 1458 683 1541 (23)
706 1460 822 1524 statio
845 1459 1044 1541 malefida
1066 1461 1218 1526 carinis.

300 1567 372 1630 736.
409 1582 555 1630 neuneu
579 1565 783 1648 memoriam,
806 1570 843 1630 ut
864 1565 963 1650 peulo
986 1570 1062 1650 post
1084 1569 1132 1632 ait
1152 1589 1220 1633 nec
1243 1567 1351 1652 prius
1375 1569 1490 1634 amis·
1513 1593 1545 1640 ιο

211 1695 291 1737 sem
318 1673 480 1756 respexi.

301 1781 372 1844 738.
411 1795 550 1844 eunoun
579 1797 720 1844 nunnus
752 1797 885 1846 unnvsn
919 1780 997 1844 ordo
1029 1784 1093 1847 eet:
1125 1781 1195 1847 fato
1228 1785 1340 1867 erepta
1372 1781 1494 1850 Creusa

212 1886 418 1970 substititne,
448 1886 610 1950 erravitne
640 1886 703 1951 vie.
748 1909 815 1951 non
846 1885 933 1950 enim
964 1885 1094 1952 dubitat
1123 1887 1191 1954 fato
1221 1911 1292 1954 esse
1321 1889 1493 1973 sublatam,

209 2015 281 2058 oum
305 1993 445 2058 audierit
468 1992 578 2076 <777>
601 2014 676 2057 non
699 1992 793 2057 haec
815 1992 898 2057 sine
921 1993 1076 2058 numine
1098 1995 1227 2060 divum
1251 1996 1443 2062 eveniunt.

298 2100 371 2165 740.
408 2117 477 2164 uuo
504 2117 591 2166 ross
620 2117 745 2166 oovnrs
773 2117 838 2165 usu
868 2118 1026 2166 nunnrrn
1061 2118 1208 2168 uosrnrs
1241 2106 1383 2168 constat:
1415 2125 1491 2170 nem
1512 2125 1544 2172 rs

210 2207 360 2270 umbram
374 2207 442 2272 eins
458 2205 542 2271 vidit
554 2199 790 2272 tantummodo.
818 2207 959 2288 alioquin
972 2209 1175 2274 mentiebatur
1187 2210 1328 2275 dicendo:
1342 2231 1405 2276 non
1418 2211 1491 2277 uidi.

297 2314 370 2378 743.
407 2330 467 2378 nrc
497 2331 623 2378 nnuvu
652 2313 724 2378 ‘hic
756 2335 821 2378 una
853 2311 982 2397 defuit',
1013 2315 1109 2379 aliter
1141 2315 1258 2380 vitium
1290 2319 1348 2381 est.
1400 2315 1489 2383 ‘tue’

206 2422 289 2484 enim
311 2422 409 2486 dicere
431 2421 540 2485 detuit.
636 2447 691 2486 rur
715 2421 750 2484 id
775 2426 820 2486 est
844 2421 919 2486 sola.
958 2425 988 2485 et
1008 2422 1128 2486 vitem
1150 2423 1316 2506 improprie
1338 2425 1374 2489 de
1395 2445 1490 2490 neees-

205 2529 293 2592 saria
310 2547 445 2610 persona
469 2525 566 2592 ‘una'
590 2527 715 2610 cause,
743 2547 821 2608 quae
843 2549 907 2592 non
934 2529 979 2592 sie
1005 2528 1088 2594 debet
1113 2531 1288 2608 numeram,
1315 2532 1408 2612 quasi
1433 2553 1489 2596 nn-

206 2655 288 2699 mero
315 2635 458 2718 defuerit,
485 2635 539 2700 sed
563 2635 655 2716 quasi
690 2633 824 2715 adfectui
853 2634 999 2713 domnam
1026 2636 1093 2700 sota
1119 2637 1202 2701 enim
1233 2637 1270 2702 de
1307 2637 1413 2704 multis
1440 2639 1488 2704 iu·
1507 2659 1542 2708 eo

207 2741 365 2825 tellepitur.
873 2750 877 2759 '
1059 2733 1061 2738 ⁵

296 2848 370 2913 744.
408 2873 531 2914 conrrne
560 2853 666 2912 utram
698 2853 808 2914 uatrrm
839 2855 868 2914 et
897 2851 1014 2933 virum,
1050 2871 1093 2914 an
1123 2851 1291 2934 separatim
1322 2851 1414 2936 altos,
1445 2874 1489 2918 au

203 2955 340 3034 famulos
366 2954 469 3020 dixit?
572 2973 765 3033 unuquvn
792 2957 847 3041 qui
879 2977 937 3040 per
965 2959 1107 3022 aetatem
1137 2961 1274 3022 matrem
1305 2958 1488 3024 desiderare

206 3060 370 3126 debuerat.
465 3049 951 3148 7117717971·(νενειιινγῖήᾱθίαν
974 3084 1132 3130 manasse
1154 3064 1333 3130 obliuimtem
1351 3071 1488 3131 suamet

207 3167 330 3250 cutprum
352 3169 396 3233 acl
415 3170 485 3234 deos
507 3171 664 3235 rettulisse.
1200 3250 1203 3256 ¹
1505 3192 1538 3242 eo

295 3275 368 3340 745.
405 3292 621 3354 nnonvnQvu
641 3277 869 3362 hypermetrus
888 3300 1000 3344 versus
1019 3285 1074 3363 est,
1093 3279 1169 3363 idem
1187 3300 1225 3344 ue
1242 3281 1271 3345 si
1290 3278 1410 3344 ‘mum’
1428 3303 1487 3365 per

201 3383 372 3463 peraticum
389 3383 543 3464 pluralem
561 3384 684 3462 eliceret,
704 3378 956 3468 ὁμοιοτέλευτον
973 3386 1094 3465 fuceret.
1122 3387 1247 3451 diiuncto
1265 3391 1368 3452 auam
1387 3386 1486 3470 ‘quem

203 3508 266 3552 non
288 3488 429 3554 inanum
450 3508 557 3554 amens
578 3488 796 3572 hominumque
818 3489 980 3573 deamque'
1004 3493 1059 3557 dat
1075 3493 1135 3557 seiri
1152 3495 1334 3578 amentiam,
1352 3496 1427 3576 quia
1449 3497 1485 3560 iu

200 3596 308 3675 furore
334 3596 487 3661 incusavit
513 3597 583 3662 deos
609 3597 715 3675 etiam,
742 3599 824 3679 quod
848 3619 1035 3680 numquam·
1067 3619 1141 3664 cum
1163 3600 1245 3664 euim
1272 3601 1354 3665 dixit
1381 3599 1485 3684 ‘quem

203 3702 291 3787 non',
314 3703 518 3786 intellepimus
539 3705 632 3780 etiam
655 3706 731 3769 deos.
1502 3726 1537 3774 so

294 3810 366 3875 746.
404 3828 481 3875 vuu
504 3827 702 3876 cuvnunlve
727 3811 808 3876 bene
832 3833 867 3876 se
886 3812 1014 3877 futurus
1034 3813 1240 3878 commendet
1258 3815 1408 3900 maritus,
1429 3819 1485 3898 qui

204 3917 291 3998 aprici
309 3917 461 3996 sencinum
484 3918 528 3982 sie
551 3919 680 3982 ostendit
696 3919 835 4000 priorem
857 3939 888 3984 se
909 3941 1030 3985 amasse
1051 3942 1185 3986 morerer.

206 4061 317 4067 --·-—-..-—
324 4061 416 4068 amna—-

278 4131 309 4180 18
330 4127 392 4180 Uno
410 4127 439 4180 id
460 4130 502 4182 est
520 4127 581 4182 sole
600 4145 622 4182 e.
639 4145 665 4196 q.
681 4129 716 4199 s]
736 4129 771 4183 ct.
791 4129 827 4183 ad
846 4131 914 4184 Aen.
935 4129 985 4184 Xll
1005 4135 1056 4184 817
1077 4133 1104 4185 el
1123 4148 1217 4201 georg.
1237 4133 1250 4186 Ι
1269 4139 1319 4232 3οΙ

277 4329 288 4376 1
311 4321 500 4378 scribentibus
518 4324 545 4380 L
558 4327 569 4392 l
587 4331 602 4377 2
622 4325 795 4379 oeocomiam
808 4326 835 4379 L
853 4327 1063 4382 oeoeonomiam
1079 4328 1113 4382 Η
1126 4329 1335 4401 aeoconomiam
1350 4331 1380 4385 E
1391 4334 1401 4401 11
1414 4348 1481 4387 non-

205 4393 277 4447 nulli
296 4438 302 4449 .
318 4435 347 4446 ..
368 4395 417 4448 secl
435 4394 465 4447 D
484 4411 588 4464 quoquc
605 4397 684 4450 liutet
697 4397 707 4464 ll
727 4402 741 4450 7
761 4399 837 4469 mee]
856 4413 935 4452 meac
954 4398 984 4451 E
1000 4401 1010 4466 ΙΙ
1028 4406 1044 4454 9
1063 4400 1167 4455 iratum
1187 4444 1193 4456 .
1210 4445 1216 4456 .
1233 4445 1238 4456 .
1258 4402 1359 4458 earinis
1377 4403 1482 4458 Daniel

202 4465 289 4518 edidit
308 4466 318 4534 l
343 4471 375 4518 10
394 4465 497 4520 amissa
516 4467 589 4520 HM
605 4469 615 4536 11
640 4473 671 4521 11
692 4467 815 4537 respexit
834 4469 870 4522 M
875 4469 905 4522 E
922 4468 1041 4538 (respexi
1059 4473 1082 4540 e)
1099 4473 1109 4540 l
1134 4479 1165 4526 15
1185 4475 1296 4528 constat
1313 4474 1368 4528 hoc
1387 4475 1455 4530 Mle
1472 4475 1474 4546 l

206 4541 238 4588 17
258 4553 303 4588 mc
323 4537 429 4608 nsnvn]
449 4557 589 4591 connncms
609 4558 723 4592 ouurnvs
743 4557 795 4594 vus
814 4559 911 4594 nervrr
930 4539 999 4594 crdo
1019 4543 1062 4596 eet
1079 4544 1142 4598 add.
1163 4544 1192 4596 E
1214 4544 1281 4598 ordo
1300 4547 1344 4598 eet
1362 4547 1425 4601 odet.
1445 4547 1474 4614 ll

202 4612 237 4660 20
256 4607 382 4661 adlectus
398 4608 432 4673 Ο,
451 4625 520 4666 corr.
536 4609 571 4664 F.
587 4611 736 4664 Setoetlius
749 4612 759 4676 l
773 4617 806 4664 26
824 4613 998 4681 ypermetrus
1012 4611 1116 4666 LMn'
1137 4617 1293 4684 permetrue
1309 4619 1337 4668 H
1348 4617 1358 4684 ΙΙ
1372 4620 1479 4699 versus]

202 4677 256 4731 hoc
275 4681 319 4731 ert
337 4695 393 4732 une
407 4679 516 4748 syllaba
530 4681 786 4750 superhabundans.
814 4684 862 4750 qui
876 4684 959 4750 (qnae
978 4683 998 4750 t)
1012 4684 1141 4751 quotiens
1156 4686 1195 4739 m.
1224 4703 1342 4754 sequens
1356 4705 1373 4742 a
1387 4688 1480 4742 noceh

202 4747 325 4817 incipere
343 4748 428 4804 (lebet
446 4750 541 4818 (debet
555 4752 679 4820 incipere
698 4754 726 4820 l).
764 4756 793 4806 et
810 4752 866 4806 isse
886 4752 956 4822 (ipse
975 4755 995 4823 l)
1012 4755 1041 4808 in
1059 4756 1195 4812 uenalem.
1224 4756 1274 4811 ant
1291 4757 1321 4812 in
1340 4777 1384 4814 .m.
1404 4759 1479 4814 litte-

201 4835 262 4872 ram
281 4819 407 4875 desinere
426 4825 540 4892 propter
558 4823 732 4893 synalipham
751 4823 930 4893 (sinelipham
949 4826 969 4894 l)
988 4827 1051 4882 adel.
1072 4827 1115 4881 El
1133 4831 1143 4894 l
1160 4835 1193 4882 31
1213 4828 1284 4884 bene
1303 4845 1353 4884 orn.
1373 4830 1407 4883 Η
1421 4831 1431 4899 l
1449 4847 1479 4886 se

200 4889 244 4946 his
262 4889 356 4945 uerbis
373 4891 484 4948 futurus
503 4894 682 4949 commendat
699 4892 794 4949 didoni
812 4895 929 4950 maritus
948 4897 958 4950 t
