3636 5550
327 379 393 443 210
596 379 718 436 saavn
737 378 848 436 coun.
868 381 908 436 IN
929 379 1034 434 veae.
1053 379 1136 434 nan.
1156 380 1177 434 1.
1197 383 1257 434 coe.
1277 383 1337 435 aaa.

327 543 367 632 ad
390 543 642 628 generalitatem.
732 562 782 610 aa,
800 561 832 628 e
845 561 956 608 emus
976 560 1035 608 mc
1055 559 1188 608 Hospes
1208 557 1353 607 omenta
1373 557 1475 606 nolus
1498 541 1531 606 id
1554 545 1605 606 est

327 671 347 714 a
369 653 467 734 raptu
489 649 646 716 Helenae:
670 650 758 734 quod
781 649 910 734 quidem
928 649 1014 714 Dido
1038 649 1141 732 cupit,
1164 649 1220 714 sed
1244 651 1376 713 excusat
1397 647 1534 712 Aeneas.
1571 651 1606 710 et

326 755 405 820 dicit
427 757 555 822 ruinam
578 780 612 822 se
636 757 751 822 Troiae
774 757 917 821 breviter
940 777 1010 820 esse
1034 754 1208 836 dicturum,
1236 752 1351 817 habita
1373 751 1502 818 ratione
1524 757 1605 817 tem·

325 861 428 945 poris,
451 866 489 927 ut
512 863 751 947 suadentque
775 861 954 928 cadentia
978 859 1106 926 sidera
1130 881 1291 924 somnos.

290 979 307 1028 ⁶
416 969 488 1034 754.
525 986 679 1036 mamus
698 986 846 1034 DANsvn
864 968 927 1032 hoc
945 967 985 1032 ad
999 967 1215 1032 Troianorum
1234 967 1391 1049 favorem,
1414 988 1454 1032 ne
1477 966 1604 1032 videan-

326 1081 381 1142 tur
399 1076 521 1143 virtute
540 1098 610 1142 esse
630 1077 782 1160 superati.
816 1081 845 1141 ci
863 1076 1055 1141 laudandum
1072 1075 1154 1156 quod
1171 1072 1326 1139 ‘inscitiae'
1345 1077 1468 1138 tontum
1484 1074 1605 1156 de‘ecerit,

325 1204 389 1250 ccc
415 1189 444 1250 ct
470 1189 594 1267 coptum
621 1183 739 1260 fleca·
766 1204 842 1248 nam
868 1187 897 1248 et
923 1185 987 1264 ipse
1014 1183 1137 1247 Aeneae
1163 1183 1286 1264 accipe
1312 1201 1408 1246 nanc
1430 1181 1605 1246 Danaam

282 1287 285 1292 ’
325 1291 498 1357 insidias.
580 1307 757 1366 cnsvsove
778 1306 924 1356 dvonvn
948 1293 985 1354 ut
1008 1293 1125 1355 eventu
1145 1287 1244 1353 Troia
1263 1288 1433 1372 corruerit,
1455 1310 1522 1353 non
1544 1286 1605 1350 fati

326 1398 528 1463 necessitate.
555 1393 556 1396 '

275 1509 308 1558 10
418 1503 490 1569 755.
526 1503 756 1579 ERRORESQVE
785 1519 875 1568 Tvos
906 1505 939 1568 et
968 1501 1135 1586 responsio
1166 1501 1252 1567 hunc
1279 1500 1424 1566 ordinem
1452 1499 1605 1584 sequitur.

326 1631 403 1675 nam
435 1610 540 1694 primo
573 1608 653 1674 dicit
685 1608 802 1673 Troiae
834 1609 975 1692 ruinam,
1012 1613 1087 1692 post
1118 1630 1242 1673 errores
1275 1629 1361 1673 euos.
1456 1623 1606 1672 sperma

328 1733 457 1783 Ausees
480 1737 537 1800 per
560 1717 703 1780 aestates
727 1717 829 1780 annos
852 1715 1021 1799 intellege3
1044 1737 1121 1778 nam
1145 1713 1192 1778 sic
1210 1719 1285 1778 ante
1309 1713 1508 1797 olympiadas
1533 1735 1606 1776 con·

328 1823 499 1908 putabant.
544 1827 669 1906 septem
694 1827 802 1887 autem
826 1844 928 1888 annos
953 1843 1023 1886 esse
1046 1821 1131 1886 Dido
1154 1820 1309 1904 cognovit
1333 1842 1371 1884 ex
1395 1819 1528 1885 Teucro.

401 2041 417 2088 4
436 2033 620 2104 suadentque]
639 2034 672 2086 A.
691 2032 747 2086 119
768 2032 779 2103 ΙΙ
802 2037 817 2086 'l
837 2031 946 2102 accipe]
966 2031 998 2088 A,
1018 2031 1042 2085 ΙΙ
1062 2037 1095 2086 65

401 2236 416 2284 t
436 2229 485 2301 ad]
504 2229 535 2284 in
553 2229 579 2283 L
595 2230 605 2298 ΙΙ
628 2235 660 2283 10
678 2229 716 2283 od
733 2245 757 2284 c.
777 2233 829 2283 765
848 2228 963 2282 Errores
982 2226 1103 2296 septima
1121 2226 1224 2297 aestas]
1245 2243 1295 2296 per
1313 2226 1436 2280 aestates
1456 2268 1462 2281 .
1483 2265 1488 2278 .
1508 2267 1515 2280 .
1537 2224 1609 2278 Dido

330 2300 470 2372 cognouit
493 2300 546 2369 ΡΙΙ
569 2306 601 2353 11
621 2299 742 2370 primum
760 2299 787 2351 L
804 2301 814 2368 ΙΙ
838 2305 870 2354 12
889 2297 1055 2368 conputabis
1074 2298 1108 2352 H
