3590 5558
311 435 355 500 44
888 431 1010 487 sanun

193 675 207 690 ,
312 623 375 666 uon
399 600 484 664 enim
507 598 656 683 Iuppiter
685 595 877 662 conciliatur
900 594 1018 680 Aeolo,
1046 595 1102 660 sed
1126 593 1249 661 Aeolus
1272 595 1356 678 lovi,
1385 595 1478 681 quasi
1502 617 1593 680 eupe-

311 707 399 772 riori.
444 705 660 770 conciliantur
684 707 793 768 autern
816 703 905 787 novi,
928 702 1180 768 reconciliantur
1205 703 1338 786 antiqui.

317 865 323 874 .
401 812 452 876 79.
485 829 531 876 rr
559 828 627 876 nas
654 827 778 875 navins
806 827 1016 875 accessura
1043 827 1157 875 o1vvn
1184 809 1246 874 hoc
1274 813 1336 894 est,
1363 814 1400 874 tu
1423 831 1474 874 me
1498 809 1593 874 deum

310 918 399 984 facie.
444 917 566 1000 duplici
590 917 677 982 enim
700 917 827 982 ratione
851 917 978 982 divinos
1001 916 1142 982 honores
1165 939 1338 1002 meremur,
1360 917 1495 981 dearum
1520 937 1592 981 oon·

276 1007 399 1109 5iugio
428 1028 462 1089 et
492 1023 640 1090 convivio
671 1022 812 1089 deorum.
858 1023 999 1088 undeet
1026 1023 1062 1087 in
1088 1023 1244 1088 bucolicis
1272 1045 1340 1089 nee
1372 1023 1463 1088 deus
1494 1024 1592 1087 hunc

311 1154 452 1216 mensa,
482 1129 551 1195 dea
578 1152 648 1194 nee
676 1129 837 1216 dignata
864 1130 987 1194 cubili
1015 1134 1083 1195 eet.
1172 1151 1247 1195 saue
1270 1129 1383 1213 ‘aprilis
1406 1128 1591 1196 accumberc’

310 1239 475 1304 saeuam
496 1239 547 1303 sui
570 1237 714 1318 temperis
740 1238 989 1302 consuetudieem
1015 1238 1112 1314 dicit·
1141 1257 1217 1302 uam
1245 1237 1320 1302 olim
1346 1239 1478 1316 sedentes
1500 1258 1590 1302 cesce-

310 1345 436 1428 baatur,
458 1347 538 1410 sicut
559 1346 624 1427 ipsc
641 1345 782 1409 meminit
800 1345 1065 1426 promiscaque
1087 1345 1188 1409 viros
1212 1344 1309 1409 locat
1331 1345 1409 1426 ipse
1431 1344 1544 1410 sedili
1565 1348 1594 1407 et

304 1454 498 1534 perpetuis
528 1451 635 1516 soliti
667 1457 798 1533 patres
830 1451 1019 1520 considere
1050 1453 1193 1517 mensis.
1246 1458 1275 1516 et
1305 1453 1391 1536 apud
1420 1451 1593 1517 Hemonam

265 1583 297 1632 10
316 1560 448 1625 sedeate
470 1559 516 1623 dii
537 1557 709 1640 epulantur.
1537 1628 1544 1646 .

401 1665 453 1730 80.
484 1690 698 1737 aranearuerr
723 1664 865 1743 audium,
891 1669 928 1728 ut
949 1669 982 1728 et
1004 1664 1129 1729 laeam
1152 1665 1192 1730 ia
1219 1665 1340 1730 nimbo
1367 1665 1592 1730 111111111-

307 1778 417 1856 peste
440 1771 591 1837 tenebat.

402 1879 455 1944 81.
486 1895 579 1942 nnnc
602 1895 662 1943 vm
685 1895 793 1943 mora
816 1881 850 1943 et
873 1901 893 1942 a
909 1877 1033 1943 Iunone
1058 1883 1092 1943 et
1115 1879 1156 1944 ab
1178 1875 1290 1945 Aeolo.
1380 1883 1408 1943 ot
1431 1876 1544 1943 ‘dicta'
1567 1881 1595 1943 si

313 2006 422 2051 uorum
445 1991 501 2070 est,
522 1985 617 2068 dedit,
643 1986 672 2056 si
695 1986 913 2068 participium,
941 1987 1021 2052 deest
1046 1991 1127 2052 saut.
1172 1990 1201 2050 et
1224 1985 1312 2051 ‘laam
1338 1986 1392 2050 ubi
1418 1983 1515 2052 dieta’
1533 2005 1595 2067 pra

261 2119 293 2167 15
308 2097 485 2174 postquam,
514 2092 692 2157 adverbium
714 2091 807 2157 aaa
824 2092 1077 2174 protemporali.
1176 2109 1295 2158 envvn
1319 2091 1397 2157 ordo
1428 2096 1491 2177 eet,
1521 2113 1594 2156 con-

313 2221 406 2264 versa
435 2197 565 2283 cuspide
593 2219 707 2262 cavum
735 2202 879 2263 montem
907 2198 941 2262 in
970 2197 1057 2264 latus
1086 2198 1213 2283 inpulit.
1260 2203 1293 2264 et
1316 2198 1397 2264 alibi
1427 2199 1466 2263 in
1489 2198 1594 2263 latus

313 2306 427 2391 inque
447 2293 524 2371 'feri
548 2327 703 2370 curvam
734 2304 986 2389 compagibus
1016 2304 1141 2370 alvum
1171 2305 1374 2372 contorsit
1463 2305 1523 2370 alii
1546 2304 1595 2370 ‘ia

313 2411 410 2478 lalus’
428 2433 488 2495 pro
512 2413 594 2477 latus
616 2411 780 2494 accipiunt.
825 2411 953 2476 Eunias
982 2432 1067 2476 uam
1096 2433 1149 2477 me
1171 2414 1302 2496 pravis
1329 2414 1486 2496 impetus
1510 2411 1596 2478 Orci

307 2520 473 2602 percutit
493 2519 534 2582 iri
557 2518 664 2583 latus.
754 2535 896 2583 nervmr
920 2537 956 2582 ln
977 2520 1102 2598 usrvs]
1127 2518 1219 2602 quasi
1243 2519 1276 2586 in
1301 2541 1369 2583 rem
1394 2503 1475 2603 quae
1500 2517 1595 2582 facile

261 2651 295 2699 20
316 2625 400 2692 cedit
423 2625 512 2690 ictui.

402 2733 453 2798 82.
490 2747 626 2795 namna
660 2731 712 2795 vel
744 2731 856 2815 inpetu
886 2732 938 2796 vel
967 2733 1184 2798 multitudine.
1235 2753 1353 2816 agmen
1386 2732 1472 2825 enirn
1504 2730 1597 2815 poly-

315 2860 422 2904 semus
446 2858 552 2902 sermo
575 2841 635 2902 est.
680 2859 756 2901 nam
784 2837 931 2920 inpetum
960 2837 1137 2923 significat,
1160 2842 1197 2903 ut
1225 2839 1289 2903 illi
1313 2839 1466 2923 agmine
1490 2841 1595 2902 certo

315 2946 537 3011 Laocoonta
559 2947 711 3027 petunt,
734 2942 991 3028 multitudinem,
1014 2948 1051 3008 ut
1074 2946 1188 3009 vocat
1218 2946 1372 3029 agmina
1399 2967 1515 3010 saeva
1539 2966 1597 3009 so-

316 3075 450 3117 rorum.
488 3048 589 3114 etiam
612 3049 813 3114 incedentem
837 3050 1011 3114 exercitum
1035 3048 1185 3135 ‘agmen'
1210 3072 1370 3116 vocamus.

260 3185 293 3232 25
403 3159 455 3224 83.
491 3181 547 3229 em
569 3182 645 3221 mm
671 3161 699 3220 et
721 3157 755 3220 ia
778 3156 936 3221 rrudeeimo
959 3162 1087 3222 occant
1114 3159 1153 3220 ia
1179 3157 1327 3238 foedera
1354 3159 1598 3241 dextraeque

387 3355 402 3404 6
422 3350 451 3404 iu
468 3347 615 3419 bucolicis]
636 3348 673 3402 lV
693 3355 726 3402 63
750 3350 760 3418 ΙΙ
779 3353 795 3402 8
814 3348 1027 3421 gramineoque]
1047 3349 1079 3403 A.
1099 3348 1164 3403 Vlll
1183 3355 1235 3404 176
1254 3350 1298 3418 119
1318 3350 1473 3421 perpetuis]
1493 3351 1524 3405 A.
1545 3351 1597 3404 Vll

318 3429 368 3477 176
390 3423 401 3492 ]
425 3427 456 3476 11
476 3423 506 3474 ct
523 3420 619 3502 lunam
642 3420 682 3501 A.
698 3421 737 3472 Ill
756 3423 807 3473 687
831 3423 840 3490 ]
864 3425 896 3474 16
917 3419 946 3474 in
963 3420 1050 3492 latus]
1070 3421 1102 3475 A.
1119 3420 1190 3473 1151
1215 3421 1225 3488 l]
1249 3427 1282 3475 18
1301 3419 1423 3546 Annius]
1438 3421 1530 3504 annal.
1547 3422 1611 3476 rel·

316 3513 341 3563 p.
363 3499 396 3547 19
415 3491 497 3546 Vahl.
521 3493 531 3560 ΙΙ
554 3497 588 3544 22
652 3489 663 3562 ]
683 3491 714 3544 A.
734 3490 760 3543 II
779 3496 830 3544 212
853 3492 863 3560 ΙΙ
885 3492 1084 3561 2310111]Α.
1104 3491 1143 3543 VI
1163 3497 1214 3545 572
1233 3494 1242 3561 ΙΙ
1264 3497 1347 3546 25111
1365 3511 1403 3546 un
1425 3492 1525 3564 eeuno]
1545 3497 1598 3547 292

387 3679 402 3726 3
422 3673 460 3726 ad
472 3689 496 3726 a.
509 3676 541 3725 79
561 3669 604 3723 Tu
622 3669 672 3724 das
690 3669 780 3739 epulis
798 3669 961 3724 accumbere
980 3668 1088 3740 diuum]
1108 3669 1162 3724 hoe
1181 3671 1224 3724 eet
1242 3685 1287 3723 me
1305 3670 1390 3724 deum
1408 3669 1478 3724 facis
1493 3713 1498 3724 .
1511 3711 1535 3725 ..
1553 3688 1597 3724 en-

316 3742 367 3797 bili
390 3744 439 3798 est.
474 3740 658 3811 decumbere]
679 3741 770 3794 iacere
790 3739 897 3807 (iecere.
917 3757 955 3799 aa
973 3739 1069 3812 sedere
1078 3744 1101 3810 1)
1120 3756 1196 3795 more
1215 3740 1339 3809 antiqno.
1361 3740 1439 3809 Ple
1458 3739 1523 3796 inde
1542 3741 1575 3794 K
1590 3743 1599 3807 2]

314 3813 450 3868 bucolicis
468 3811 588 3883 legimus
608 3811 641 3865 de
661 3812 779 3880 auguste
800 3811 897 3880 ME]
920 3817 935 3865 '1
956 3811 999 3864 eui
1017 3811 1142 3881 addidi]
1164 3817 1195 3864 11
1217 3811 1254 3865 ad
1271 3827 1295 3864 o.
1312 3816 1345 3864 80
1365 3811 1598 3883 Nimbornmqne]

315 3884 431 3938 nubium
451 3883 644 3937 ...tenebat
666 3882 694 3934 P
709 3883 719 3951 ΙΙ
740 3887 773 3935 13
793 3883 830 3936 ad
849 3899 872 3935 o.
888 3888 921 3937 81
941 3881 1017 3936 Hace
1036 3881 1084 3936 nbi
1102 3881 1190 3963 dicta]
1211 3883 1240 3935 et
1258 3898 1275 3935 a
1293 3882 1397 3936 lunone
1417 3924 1422 3936 .
1440 3924 1445 3936 .
1463 3924 1468 3936 .
1488 3884 1598 3952 tempo-

316 3955 377 4008 rali.
415 3953 542 4022 Impulit]
566 3953 647 4021 qnasi
670 3951 699 4006 in
722 3968 781 4004 rem
804 3968 876 4020 quae
899 3952 983 4007 facile
1009 3951 1083 4006 cedit
1108 3951 1206 4020 (dene)
1225 3951 1301 4005 ictui.
1323 3953 1351 4005 P
1371 3954 1381 4020 ]
1404 3959 1437 4006 14
1464 3956 1529 4008 sunt
1547 3971 1597 4008 om.

320 4027 346 4078 P
367 4027 377 4095 ΙΙ
399 4027 428 4078 et
445 4025 558 4092 scripsi:
583 4023 630 4077 uel
650 4022 752 4090 0⁸1³]
777 4029 808 4076 15
833 4022 932 4078 uocale
957 4024 985 4076 P
1006 4025 1016 4092 l]
1040 4029 1071 4077 17
1096 4021 1280 4092 compagibus
1302 4023 1364 4076 KL
1385 4025 1395 4092 ]
1419 4030 1451 4078 19
1475 4025 1600 4093 pertudit

324 4096 460 4150 Vahleuue
481 4096 491 4164 ΙΙ
514 4112 620 4148 iuream
639 4113 666 4146 m
686 4093 781 4164 narvs]
801 4112 907 4148 larvam
926 4095 1015 4162 recepi
1033 4111 1066 4148 cx
1088 4093 1127 4159 P,
1151 4110 1332 4148 renarrem
1352 4093 1386 4160 G,
1408 4096 1457 4164 qui
1480 4097 1510 4149 et
1528 4095 1598 4149 bene

224 4228 227 4234 ¹
317 4167 345 4220 in
364 4165 438 4221 latus
452 4170 517 4235 post
535 4165 701 4218 Eumaeum
719 4181 824 4218 ameum
848 4165 934 4219 addit.
971 4165 1051 4233 quasi
1073 4163 1212 4219 ...ictui
1236 4165 1356 4220 lemmate
1378 4167 1488 4232 maresa,
1512 4167 1543 4220 id
1560 4171 1599 4220 est

311 4243 375 4306 post
398 4235 535 4291 contorsit
557 4236 655 4290 lrabeat
677 4235 814 4289 BKLM
818 4235 848 4288 E
869 4237 879 4304 ΙΙ
902 4241 935 4289 20
961 4235 1047 4307 cedit]
1071 4237 1151 4306 patet
1174 4236 1204 4289 E
1226 4236 1282 4304 (uel
1309 4235 1384 4291 cedit
1405 4254 1539 4306 superare.
1563 4255 1598 4291 m.

315 4311 377 4376 see.)
390 4309 400 4378 ΙΙ
413 4314 447 4362 21
468 4310 506 4362 ad
524 4325 548 4362 a.
563 4313 596 4362 82
616 4305 747 4378 Agmine]
767 4306 812 4360 uel
831 4305 939 4375 impetn
956 4306 1004 4361 nel
1022 4306 1214 4374 multitudine,
1235 4324 1301 4360 nam
1319 4323 1421 4377 agmen
1439 4307 1599 4377 polysemus

316 4396 407 4434 sermo
427 4381 477 4434 est.
515 4394 578 4432 nam
599 4379 737 4448 impetum
759 4377 912 4446 significet,
931 4379 968 4431 ut'
988 4377 1048 4432 ‘illi
1071 4376 1182 4448 agmine
1205 4381 1281 4433 certo
1301 4379 1463 4434 Laocoonta
1480 4379 1596 4447 petunt’

316 4452 346 4504 et
363 4450 417 4505 hoc
438 4450 537 4504 ‘uocat
555 4449 668 4518 agmina
688 4463 771 4503 saeue
790 4449 948 4514 sororum';
972 4465 1035 4503 narn
1055 4465 1112 4504 non
1130 4448 1340 4504 multitudinem
1360 4449 1381 4503 s‘
1404 4448 1516 4517 nificat,
1534 4465 1598 4504 eum

315 4524 372 4576 tres
391 4520 447 4576 rint
464 4521 540 4575 filiae
559 4519 684 4574 Plutonis
708 4523 738 4574 et
756 4518 869 4584 Noctis,
892 4519 994 4574 Alecto
1013 4520 1165 4590 Tisiphone
1185 4520 1354 4590 (thesipone)
1403 4537 1519 4590 egaera,
1537 4521 1599 4588 (mi-

317 4593 412 4666 geera)
431 4608 503 4660 qnae
522 4591 627 4646 Pareae
646 4593 676 4646 et
690 4589 858 4644 Eumenides
873 4589 1015 4656 dicuntur,
1035 4591 1084 4646 sed
1100 4590 1245 4660 impetum.
1267 4592 1295 4644 P
1315 4593 1325 4660 l]
1348 4597 1381 4645 23
1398 4591 1536 4672 sororum]
1550 4591 1599 4645 sed

318 4662 419 4716 mirum
438 4679 486 4717 cnr
504 4662 618 4731 agmina
636 4661 739 4716 dixerit
756 4678 818 4715 oum
838 4665 895 4715 tres
914 4661 971 4715 sint
987 4663 1040 4716 nisi
1058 4662 1130 4717 forte
1150 4661 1235 4716 ctiam
1252 4661 1388 4730 impetum
1407 4662 1497 4717 voluit
1516 4663 1600 4716 simul

319 4732 377 4786 desi
418 4750 464 4788 are
484 4733 547 4787 add.
564 4732 600 4795 0,·
617 4749 687 4802 quac
704 4747 761 4786 uon
778 4733 879 4800 recepi,
897 4749 963 4786 uam
981 4735 1018 4789 ad
1035 4734 1211 4799 refelleadmn
1230 4733 1322 4786 Servii
1337 4737 1526 4800 praeceptum,
1544 4749 1600 4787 uon

319 4804 355 4858 ad
395 4805 486 4872 capilii
499 4804 581 4858 amba
595 4804 755 4858 emerenda
764 4804 912 4871 pertineat.
926 4805 984 4872 1125
999 4806 1036 4860 ad
1048 4821 1073 4861 o.
1088 4810 1122 4858 83
1138 4803 1199 4868 Qua
1213 4803 1292 4874 deta]
1312 4802 1341 4856 id
1356 4805 1398 4857 est
1412 4803 1597 4872 percussione.

321 4873 439 4944 (pensio)
476 4874 572 4946 Portu]
592 4875 681 4929 omnir
701 4873 790 4928 exitus
808 4874 855 4929 uel
873 4873 1004 4930 introitus
1024 4875 1127 4931 dicitnr
1146 4890 1201 4944 qna
1218 4875 1314 4944 potest
1332 4873 1378 4929 uel
1397 4873 1533 4946 inportari
1551 4875 1598 4928 nel
