3590 5558
349 448 392 513 84
924 446 1044 500 SERVII

347 617 515 692 nutumque
541 608 636 674 iuur'
663 614 692 674 u
717 610 762 673 sic
787 609 977 691 subiuupuut
1004 607 1106 672 ‘dubii
1132 629 1185 674 seu
1211 610 1310 672 uiuere
1336 609 1463 672 creduut
1488 609 1552 672 sive
1579 627 1639 671 ee:-

349 723 446 782 tremu
462 715 560 799 patt'.

436 824 509 888 219.
542 839 720 888 uxsvmuu
740 838 901 887 vocares
926 825 984 886 eut
1006 821 1219 886 subaudimus
1243 819 1353 885 ‘deos'
1377 825 1411 885 et
1434 823 1528 905 quesi
1552 842 1635 885 eon-

346 930 474 1014 questio
497 934 559 1013 est,
584 929 669 1014 quod
691 951 757 992 nou
780 927 952 992 flectantur
979 929 1143 1011 precibus,
1172 932 1229 992 aut
1252 932 1339 993 certe
1362 927 1424 993 hoc
1446 917 1539 1009 dieit,
1562 947 1635 990 non

309 1037 450 1100 csolum
473 1037 596 1120 perisse
620 1058 688 1118 eos,
712 1034 767 1100 sed
790 1056 849 1099 nec
877 1031 1086 1118 sepulturam·
1107 1034 1240 1117 hebere,
1269 1034 1310 1098 ed
1338 1057 1436 1118 quem
1463 1037 1635 1098 vocentur.

343 1143 493 1206 novimus
517 1143 604 1208 enim
628 1140 714 1226 quod
738 1147 942 1206 mortuorum
965 1141 1098 1205 umbrae
1118 1140 1159 1205 ad
1182 1141 1331 1224 sepulcra
1353 1125 1567 1222 uocabantur,
1590 1141 1636 1202 ut

343 1252 393 1313 est
417 1271 622 1333 manesque
647 1247 811 1312 vocabat
833 1247 1066 1312 Hectoreum
1090 1247 1134 1311 ad
1158 1246 1358 1310 tumulum.
1395 1250 1428 1310 et
1451 1249 1501 1310 est
1523 1245 1633 1332 figura

343 1357 384 1419 ab
415 1379 453 1422 eo
483 1355 567 1440 quod
598 1352 765 1439 praecedit
789 1355 822 1418 id
850 1353 936 1438 quod
964 1354 1123 1437 sequitur,
1156 1353 1233 1436 quia
1260 1357 1337 1436 post
1363 1353 1452 1416 faeta
1480 1351 1632 1435 sepulcre

343 1485 454 1526 menes
484 1463 655 1544 vocentur,
684 1466 720 1525 ut
746 1462 781 1524 iu
809 1463 895 1525 tertre
923 1462 1157 1542 animumque
1183 1461 1350 1542 sepulcro
1377 1460 1567 1523 condimus
1593 1461 1632 1521 et

230 1623 235 1634 .
293 1582 325 1630 10
344 1589 479 1650 usuque
504 1587 715 1650 supremum
740 1587 821 1632 uoce
848 1569 1004 1644 cremum
1031 1572 1101 1648 post
1131 1587 1241 1631 nouum
1269 1568 1352 1631 em'm
1379 1566 1516 1647 defuncti
1541 1584 1628 1628 voce·

346 1680 411 1740 tum
435 1678 521 1740 tertio
542 1675 698 1740 dicebatur
719 1674 787 1738 eale
807 1675 875 1738 cale
896 1674 971 1738 uate.
1019 1670 1104 1737 *cut
1125 1675 1191 1738 ideo
1208 1693 1272 1738 um
1295 1674 1441 1738 mutuus
1462 1673 1538 1754 quein
1560 1671 1625 1734 um

345 1783 395 1846 uu
417 1785 532 1847 mortui
553 1783 628 1860 siut,
651 1785 708 1845 aut
724 1802 746 1844 e
761 1779 1027 1863 praetereuntibus
1044 1785 1163 1845 vocatos
1180 1801 1245 1844 uon
1264 1777 1453 1863 euuudire*‚
1475 1782 1533 1842 eut
1548 1781 1627 1841 certe

344 1889 380 1951 iu
402 1909 439 1952 ee
455 1894 547 1970 perte
569 1889 655 1972 sitos,
682 1893 718 1950 ut
739 1907 793 1951 uec
814 1887 913 1951 corum
935 1886 1119 1963 eeuudiout,
1146 1888 1221 1968 quic
1244 1887 1361 1966 furtel
1381 1887 1464 1952 elius
1486 1904 1564 1968 mos,
1590 1887 1626 1947 ut

345 2015 394 2058 eos
415 1997 470 2076 qut
492 1996 527 2058 iu
554 1995 659 2058 uticem
688 1999 770 2058 terre
792 1995 946 2076 perissent
971 1998 1124 2072 vocarent,
1151 1998 1187 2058 ut
1213 1997 1257 2058 est
1283 2000 1316 2058 et
1341 2013 1475 2076 meque
1501 2011 1626 2056 munes

293 2115 326 2162 15
345 2105 400 2164 ter
422 2121 503 2166 coee
524 2101 659 2166 cocunt.

435 2208 509 2272 220.
546 2223 742 2270 Pusuolevu
761 2209 890 2290 praeter
905 2227 1030 2290 omnes,
1050 2206 1141 2290 quasi
1160 2205 1243 2289 pius.
1324 2229 1408 2270 rcere
1422 2207 1528 2287 fortis,
1545 2205 1628 2270 alim

344 2314 462 2379 celoces.
502 2315 630 2396 quidum
653 2333 754 2376 cerere
776 2314 812 2376 iu
834 2333 1083 2395 unamquamque
1104 2334 1170 2377 rem
1191 2318 1324 2396 ceycmm
1348 2333 1385 2377 cc
1406 2313 1540 2378 nimium
1563 2316 1626 2374 tre-

344 2421 430 2485 duut.
521 2436 652 2486 osorum
680 2442 739 2504 pro
764 2418 911 2504 Orontis,
938 2425 977 2485 ut
1004 2420 1157 2485 inmitis
1181 2419 1340 2486 Achilli.
1384 2420 1493 2485 uuvu
1515 2412 1626 2502 ὁμοιο-

342 2527 508 2591 τέλευτον.

290 2649 324 2696 eo
433 2633 507 2696 221.
544 2658 623 2698 nuuc
639 2659 734 2698 surcr
757 2635 792 2697 m
814 2636 922 2715 quieto
946 2633 1034 2716 Gyae
1055 2636 1210 2712 memmtt;
1233 2655 1310 2698 uem
1323 2636 1460 2717 Ausyms
1482 2633 1627 2716 etLycus

343 2761 412 2804 cum
445 2738 558 2804 orme
588 2741 730 2804 vedentur
755 2743 881 2822 petuisse.
987 2757 1099 2804 sucvu
1131 2744 1265 2825 proptor
1297 2741 1420 2824 socios,
1457 2746 1494 2804 ut
1529 2761 1647 2823 supre-

346 2844 453 2928 ‘spem
477 2846 570 2910 vultu
594 2847 753 2912 simulst’.

434 2953 508 3016 222.
546 2979 719 3025 norrenses
736 2980 817 3019 orsu
837 2960 873 3018 ut
894 2957 1002 3019 urerito
1024 2956 1223 3037 requirantur
1245 2959 1274 3018 et
1296 2955 1511 3019 desedereutur.

434 3059 508 3123 223.
545 3077 636 3124 nnus
658 3060 710 3124 vel
728 3059 912 3125 fabularum
931 3062 982 3126 vel
1001 3061 1073 3126 diei.
1111 3062 1258 3145 sequitur
1276 3082 1415 3144 nemque
1432 3061 1531 3142 peulo
1551 3063 1626 3142 post

292 3181 325 3229 eu
345 3165 489 3230 ‘Aeneas
512 3188 571 3250 per
593 3170 722 3231 noctem
745 3167 887 3251 plurima
910 3166 1069 3232 volvens'.
1114 3171 1148 3232 et
1175 3167 1341 3232 sciendum
1372 3173 1422 3231 est
1444 3161 1627 3250 Vergillum

346 3295 412 3337 non
435 3294 562 3356 semper
585 3272 690 3337 dicere
710 3279 818 3339 ortum
836 3275 888 3338 vel
908 3296 1058 3340 occasum
1078 3275 1155 3355 diei,
1179 3276 1235 3341 sed
1254 3278 1311 3340 eut
1329 3275 1511 3339 intellectui
1530 3274 1625 3339 reliu-

347 3400 457 3463 quere,
489 3382 527 3442 ut
558 3379 621 3443 hoc
651 3379 737 3463 loco,
769 3384 826 3444 eut
854 3381 995 3464 negotiis
1023 3389 1172 3466 tempora
1199 3383 1392 3466 siguificare.
1438 3387 1488 3446 est
1515 3384 1625 3445 autern

343 3485 475 3569 poetice
498 3485 681 3570 eellopistie
701 3510 768 3553 non
791 3488 901 3552 omnia
924 3490 1116 3572 exprimere:
1139 3489 1224 3555 unde
1247 3490 1295 3554 eit
1318 3489 1474 3554 Horatius
1497 3489 1532 3552 in
1556 3494 1625 3554 arte

417 3663 614 3733 lmanesque]
633 3664 665 3718 A.
685 3663 723 3717 ΙΙΙ
743 3666 847 3733 308119
866 3663 896 3718 in
914 3663 1012 3736 tertio]
1032 3667 1090 3734 6711
1111 3671 1144 3718 14
1164 3667 1193 3719 et
1211 3663 1325 3734 magna]
1345 3665 1377 3718 A.
1397 3663 1435 3717 VI
1454 3665 1577 3732 506l20
1595 3664 1623 3718 in

345 3732 456 3803 quinto]
478 3739 527 3787 118
539 3751 599 3803 sqq.
617 3735 627 3804 l
647 3739 681 3788 28
700 3734 832 3789 Horatius
851 3734 880 3788 in
899 3753 924 3790 a.
943 3735 984 3806 p]
1006 3743 1056 3790 133

417 3900 432 3946 3
447 3895 485 3948 ud
498 3911 522 3949 c.
534 3900 585 3947 219
601 3893 739 3948 Exaudite
749 3895 878 3965 uocatos]
889 3898 939 3949 eut
952 3894 1133 3949 subaudimus
1147 3896 1214 3950 deos
1228 3898 1258 3950 et
1271 3896 1352 3964 quasi
1367 3895 1540 3964 conquestio,
1550 3894 1625 3964 quod

344 3980 399 4018 non
419 3963 568 4018 fleetrmtur
586 3965 727 4034 precibus,
747 3969 796 4020 aut
814 3965 888 4033 quod
907 3965 951 4020 illi
969 3967 1073 4020 mortui
1092 3967 1155 4020 sint.
1173 3968 1252 4037 Pl4
1270 3967 1419 4021 flectuntur
1439 3967 1624 4036 Cuprecibur

344 4035 475 4090 antideo
494 4053 551 4091 non
570 4035 701 4090 exaudire
719 4037 786 4106 quie
803 4037 861 4090 iam
879 4036 922 4090 illi
941 4038 1044 4092 mortni
1063 4037 1120 4091 sint
1139 4079 1145 4092 .
1166 4081 1171 4092 .
1192 4081 1197 4092 .
1218 4055 1274 4093 nou
1293 4037 1424 4092 exaudire
1445 4037 1488 4107 ΟΙΙ
1507 4045 1523 4090 5
1543 4055 1623 4106 quem

343 4107 375 4160 K
380 4107 404 4160 1.
423 4113 501 4173 (corr.
518 4108 592 4176 0116
612 4107 791 4176 sepulchrum
810 4107 833 4162 Ο
856 4108 1030 4177 sepulturam
1049 4109 1075 4161 L
1094 4111 1136 4177 (at
1154 4109 1303 4180 sepulchra
1319 4125 1452 4178 supersum
1467 4110 1488 4176 l)
1501 4112 1511 4178 ΙΙ
1524 4125 1623 4163 uocau-

343 4181 389 4230 tur
409 4179 460 4232 uL
478 4181 488 4247 ΙΙ
511 4185 526 4232 9
545 4178 703 4232 interiectio
719 4179 743 4233 0
759 4179 800 4246 (in
818 4179 903 4233 tertio
920 4179 964 4247 θ’)
987 4183 996 4248 l
1022 4187 1052 4233 11
1072 4179 1163 4234 terdio
1181 4179 1205 4234 0
1221 4183 1301 4249 (corr.
1318 4179 1361 4246 0²)
1389 4179 1475 4234 tertio
1494 4183 1624 4234 vocatum

343 4249 489 4318 Scioppius
508 4267 521 4304 c
539 4249 624 4304 Fece.
648 4252 658 4318 ΙΙ
681 4255 714 4303 12
733 4250 974 4318 praetereuntibus
992 4250 1191 4305 Brumauuus:
1219 4252 1401 4321 pereuntibus
1420 4252 1445 4306 0
1464 4253 1474 4320 [1
1498 4257 1530 4304 16
1550 4251 1624 4321 pius]

341 4321 405 4390 plus
424 4321 455 4373 K
481 4322 544 4390 plns
568 4321 630 4390 pius
651 4322 687 4374 M
692 4322 701 4373 l
729 4320 793 4374 aliis
816 4321 906 4390 magis
930 4321 993 4390 pius
1019 4323 1131 4391 uulqoll
1160 4327 1192 4375 18
1216 4323 1442 4378 omoeoteleuton
1463 4323 1515 4391 011
1542 4327 1577 4376 20
1595 4322 1625 4375 in

342 4392 440 4461 quinto
459 4391 536 4461 Gyae
555 4394 667 4460 scripsi:
690 4391 720 4445 in
738 4392 890 4462 quintogee
911 4393 934 4447 0
959 4392 988 4447 in
1007 4393 1106 4462 quinto
1126 4395 1208 4448 huius
1226 4396 1307 4464 culpo
1330 4397 1340 4464 ll
1367 4393 1626 4447 eracemum

340 4463 397 4516 iam
424 4463 499 4534 linis]
528 4463 687 4517 fabularum
715 4465 762 4517 uel
788 4463 853 4519 diei.
895 4463 965 4518 Cum
988 4465 1114 4534 Iuppiter
1142 4467 1256 4520 aethere
1281 4465 1402 4536 summo]
1431 4463 1624 4519 oeconomiam

339 4535 518 4602 (eunomiam)
538 4535 622 4588 irtam
642 4533 793 4588 secuudum
807 4535 947 4589 mathesin
962 4534 1073 4590 uidetur
1087 4535 1229 4591 ordinasse
1247 4536 1390 4606 Virgilius.
1419 4553 1484 4590 nam
1500 4535 1625 4606 luppiter

339 4606 368 4658 in
382 4605 532 4660 altitudine
547 4623 598 4660 sua
612 4605 720 4675 positus
735 4623 798 4660 cum
810 4605 917 4662 Venere
932 4605 1110 4677 significetur.
1139 4609 1261 4662 Aethere
1275 4607 1395 4678 summo]
1412 4607 1559 4677 epitheton
1574 4609 1625 4676 est,

337 4677 404 4745 quie
422 4677 551 4732 omnibus
571 4678 697 4746 superior
715 4679 764 4733 est.
786 4678 814 4730 P
832 4679 842 4746 ΙΙ
864 4699 897 4732 er
916 4697 964 4732 ωε
983 4699 1053 4732 ernis
1072 4699 1140 4732 nnsr
1161 4680 1207 4734 uel
1226 4680 1374 4748 epularum
1395 4721 1446 4734 ...
1465 4679 1624 4749 respiceret.

337 4748 383 4802 uel
402 4753 477 4804 certe
495 4749 558 4802 linis
572 4747 731 4803 tubulorum
745 4748 791 4803 nel
805 4749 862 4804 diei
877 4749 922 4818 ΟΙΙ
934 4750 980 4804 vel
993 4750 1153 4805 fabularum
1168 4767 1219 4805 orn.
1234 4751 1298 4804 ΛΗ
1315 4751 1416 4820 (suppl.
1432 4752 1452 4819 l)
1465 4752 1475 4819 ll
1489 4757 1522 4804 28
1538 4750 1624 4804 callo-

336 4819 491 4887 pistis...
512 4819 690 4892 poetieeom.
710 4820 831 4888 KL(s'u
848 4839 935 4892 musy.
955 4823 1019 4876 cdd.
1039 4824 1059 4891 l)
1082 4824 1092 4892 ΙΙ
1121 4822 1295 4892 callopietie]
1321 4821 1500 4890 celopistial
1527 4821 1556 4875 id
1581 4823 1626 4876 est

336 4893 492 4960 proprietas
510 4909 642 4961 superscr.
659 4891 692 4946 0³
705 4893 715 4960 ΙΙ
728 4893 801 4948 unde
824 4937 851 4950 ..
868 4935 873 4947 .
893 4896 1026 4950 adserunt
1044 4897 1150 4949 dietum
1169 4911 1219 4951 om.
1236 4897 1270 4964 0,
1289 4896 1320 4948 iu
1339 4898 1494 4964 mospius.
1509 4897 1573 4952 add.
1589 4894 1624 4948 0³
