3604 5552
304 371 368 434 104
880 365 1001 422 snnvu

391 532 466 597 280.
502 549 600 596 Merv
636 533 673 594 ut
712 552 811 614 supra
845 528 883 593 id
921 533 1103 595 metuens.
1201 545 1335 594 000018
1371 545 1584 605 0401101000

303 655 458 704 sameas
487 637 567 702 alibi
595 636 822 720 absumptae
852 636 892 700 in
914 636 1081 700 Teucros
1112 633 1214 699 vires
1245 635 1421 719 caelique
1451 635 1585 701 maris·

303 767 382 832 que.
474 769 551 816 ayss
570 769 652 809 uren
672 767 697 810 0.
721 771 742 810 r.
764 769 788 816 o.
809 769 838 808 n.
859 767 879 808 c.
902 768 925 815 o.
947 769 971 810 r.
994 748 1076 808 nwtu
1098 742 1211 807 scilicet
1231 762 1320 824 quom
1343 743 1379 806 de
1399 740 1586 825 antleapmc

302 853 397 930 babet,
419 856 455 916 ut
476 871 575 933 supro
596 851 636 914 id
656 854 834 928 metucns,
857 850 903 914 ool
925 855 1006 916 metu
1027 870 1086 932 quo
1102 849 1254 914 Troianos
1277 853 1367 914 terret
1388 853 1417 913 et
1435 849 1585 914 Venerem.

267 975 378 1026 auom
407 959 482 1023 <licit
511 956 616 1039 ‘parce
647 962 729 1022 nutu
759 955 930 1040 Optborca'.
984 955 1101 1020 ‘niara'
1130 960 1233 1020 001000
1264 953 1300 1020 ‘t
1330 977 1353 1020 c.
1382 976 1410 1036 q.
1437 954 1479 1036 f.'
1509 957 1586 1021 oliti

303 1067 434 1132 ostendit
455 1065 581 1130 dicendo
603 1065 817 1146 absumptae
839 1063 879 1127 in
903 1063 1061 1127 Teucros
1082 1063 1180 1126 ciros
1202 1063 1369 1144 caelique
1391 1063 1583 1144 marisque.

305 1170 449 1256 ‘fatigat'
472 1193 541 1237 oeno
558 1192 619 1254 pro
642 1175 767 1249 exercet,
790 1170 948 1247 sollicitat,
971 1174 1141 1234 commouet.

394 1279 468 1343 281.
505 1295 668 1343 cortanna
692 1296 729 1342 lu
752 1294 882 1342 Munlvs
905 1293 1066 1340 00010000
1091 1277 1168 1361 quia
1193 1276 1276 1341 bello
1300 1275 1421 1341 Punico
1446 1277 1582 1341 seeundo

305 1391 341 1452 ut
365 1386 412 1451 ait
429 1385 555 1450 Ennius
574 1384 704 1467 placata
723 1383 803 1448 Iuno
828 1382 936 1467 coepit
957 1383 1066 1447 favere
1084 1381 1251 1450 Romanis.
1328 1385 1497 1464 rannerus]
1516 1383 1584 1460 *εἰς

253 1509 285 1556 10
303 1488 341 1560 τὸ
365 1503 525 1577 κρεῖττον.
552 1496 641 1556 ctcst
658 1491 804 1556 Latinior
821 1491 963 1556 elocutio:
986 1489 1156 1556 Sallustius
1177 1492 1224 1556 od
1245 1492 1461 1556 mutandum
1483 1492 1583 1555 modo

304 1602 344 1664 in
366 1600 500 1664 melius
521 1597 751 1662 servitium*
841 1622 1002 1670 unornane
1020 1623 1149 1664 roesam
1168 1599 1203 1663 ici
1223 1605 1267 1664 est
1295 1599 1399 1663 eodan
1427 1619 1506 1679 quoe
1533 1618 1583 1679 opo

304 1707 449 1784 scatebras,
471 1705 576 1770 eadem
598 1725 676 1787 quae
697 1724 748 1788 epo
770 1704 884 1781 coboea,
907 1704 953 1768 uel
975 1709 1011 1768 ut
1027 1705 1154 1786 quitum
1175 1705 1283 1770 volutet
1304 1725 1421 1769 uncum
1439 1706 1475 1768 iu
1493 1703 1583 1786 com-

306 1814 378 1879 tolio
401 1813 574 1878 constituto.

395 1919 469 1985 282.
500 1935 715 1995 0000011000
736 1935 903 1983 nouarum
926 1919 1009 1983 beno
1027 1916 1199 2001 ‘gentem',
1218 1919 1294 2002 quia
1313 1920 1346 1982 et
1365 1939 1461 1983 sexus
1480 1919 1583 1982 omnis
1647 1902 1652 1908 ⁵

256 2043 287 2090 10
307 2030 340 2092 01
363 2026 508 2091 condicio
532 2028 611 2110 toga
633 2024 800 2106 utebatur,
829 2025 884 2089 sed
912 2024 995 2089 servi
1023 2045 1082 2088 nee
1111 2024 1238 2089 colobia
1262 2045 1321 2088 nec
1344 2023 1469 2088 calceos
1493 2023 1588 2090 habe·

306 2134 395 2198 bant.
423 2136 519 2217 togas
543 2134 653 2196 autem
677 2131 777 2195 etiam
800 2130 939 2196 feminas
957 2130 1126 2214 habuisse,
1150 2130 1320 2215 cycladum
1344 2134 1378 2194 et
1395 2131 1494 2196 reciui
1514 2155 1590 2198 usus

308 2238 459 2304 ostendit.
505 2238 631 2302 recinas
655 2241 766 2303 autem
789 2237 908 2302 dieitur
931 2238 973 2302 ab
996 2259 1048 2321 eo,
1076 2236 1162 2322 quod
1191 2241 1265 2321 post
1295 2240 1425 2322 tergum
1449 2239 1590 2323 reicitur,

308 2345 394 2430 quod
418 2345 517 2430 vulgo
542 2344 682 2409 maforte
705 2344 825 2408 dicunt.
1318 2327 1322 2342 ⁸

396 2451 470 2518 283.
508 2467 561 2517 sle
593 2468 770 2516 Pnacrrvu
799 2451 851 2515 vel
880 2450 959 2516 fatis
990 2451 1041 2515 vel
1069 2450 1163 2534 mihi3
1193 2473 1270 2515 nam
1298 2450 1504 2535 inpersonale
1532 2457 1591 2518 est.

186 2633 197 2658 x
254 2574 288 2622 20
394 2575 539 2624 everius
563 2556 801 2643 quinquenniis.
829 2560 864 2622 et
886 2557 968 2622 bene
992 2556 1231 2641 olympiadibus
1250 2560 1417 2642 computat
1435 2561 1591 2644 tempora,

306 2667 388 2747 qnocl
415 2667 516 2749 magis
545 2667 588 2730 ool
615 2665 720 2730 Iovem
743 2665 891 2746 00011001,
924 2664 1001 2748 quia
1029 2663 1172 2729 nondum
1202 2667 1295 2730 erant
1324 2665 1375 2728 vel
1404 2663 1509 2730 ltoma
1541 2669 1591 2733 vel

308 2771 466 2836 eonsules.
519 2771 658 2835 lustrum
689 2775 799 2835 autem
830 2769 966 2856 dietum,
1002 2769 1087 2855 quod
1122 2775 1198 2854 post
1232 2772 1486 2856 quinquennium
1515 2797 1591 2840 uua-

309 2899 453 2962 quaeque
486 2877 601 2942 civitas
633 2877 845 2942 lustrabatur.
895 2877 976 2941 uncle
1007 2875 1126 2942 Romae
1157 2879 1387 2962 amministrum,
1418 2881 1500 2961 quoni
1529 2901 1591 2946 nou

309 2983 417 3050 licebat
444 2985 508 3049 nisi
537 2984 642 3049 anctos
664 3003 798 3049 censores
816 2989 887 3065 post
913 2985 1159 3066 quinquennium
1189 2985 1320 3050 lustrare
1343 2987 1503 3052 oimmtcne

256 3105 290 3155 00
309 3116 403 3158 rarus
424 3092 513 3156 tuoto
534 3094 644 3156 uetera
673 3094 758 3155 aetas
787 3091 837 3155 laic
864 3111 921 3172 pro
946 3095 1076 3173 tempore
1099 3092 1205 3174 posito
1228 3096 1283 3174 ost,
1313 3093 1390 3158 alibi
1413 3115 1475 3176 pro
1504 3097 1591 3160 modo

310 3219 478 3282 numum,
496 3202 533 3262 ut
549 3203 593 3264 cst
610 3197 672 3262 ubi
695 3199 769 3262 iam
790 3196 949 3277 firmata
971 3198 1092 3262 cirum
1116 3203 1148 3262 te
1167 3199 1301 3278 fecerit
1322 3205 1426 3266 oetas
1444 3206 1472 3266 ct
1489 3207 1592 3270 octos

309 3304 491 3370 Lucinam
513 3305 704 3387 iustosque
722 3306 806 3387 pati
828 3304 1053 3387 lipmcnoeos.

399 3412 474 3478 284.
509 3428 630 3476 Douvs
661 3427 827 3477 10840401
856 3410 889 3475 id
920 3414 985 3480 est,
999 3411 1127 3475 familia
1151 3412 1306 3496 Troiana,
1335 3421 1363 3479 ct
1384 3421 1429 3482 est
1457 3437 1478 3481 a
1501 3423 1593 3499 parte

311 3523 422 3595 lotum;
446 3541 522 3582 nam
544 3518 726 3583 Assaracus
746 3515 860 3601 Capyn
883 3518 1004 3602 gennit,
1028 3516 1136 3604 Capys
1156 3519 1329 3605 Anchisen,
1352 3522 1437 3587 unde
1455 3523 1592 3608 Aeneas,

381 3753 395 3801 1
422 3745 451 3801 id
476 3749 615 3818 metuens}
643 3749 675 3801 A.
701 3746 766 3802 128
790 3749 800 3817 ΙΙ
823 3754 839 3802 2
866 3711 1054 3820 000οι00100]Ι
1071 3750 1104 3802 A.
1131 3748 1144 3800 I
1170 3753 1219 3802 301
1244 3753 1254 3818 ΙΙ
1278 3755 1311 3803 10
1338 3749 1499 3822 Sallustius]
1526 3751 1590 3807 hist

309 3817 480 3900 lragmqinc.
502 3824 535 3872 89
559 3817 644 3872 Kritz.
667 3819 677 3887 t
702 3823 733 3872 11
759 3819 868 3874 recinas
892 3837 915 3873 e.
929 3837 955 3890 q.
971 3821 1004 3889 s.]
1028 3819 1062 3874 el.
1086 3819 1151 3874 Isid.
1171 3837 1209 3874 or.
1230 3819 1360 3890 1111120,
1380 3827 1397 3875 4
1419 3825 1429 3892 ΙΙ
1452 3829 1486 3876 20
1512 3824 1591 3892 quin·

309 3906 438 3972 qusnmrs
457 3905 480 3943 e.
496 3907 523 3957 q.
538 3890 571 3958 0.]
598 3889 768 3972 0000010101.
789 3907 826 3944 or.
847 3891 872 3942 V
890 3897 934 3956 31,
953 3898 969 3944 2
992 3892 1002 3959 ΙΙ
1024 3897 1058 3945 28
1082 3910 1164 3945 nurse
1187 3891 1266 3946 iuxta
1289 3893 1397 3948 veteres
1416 3911 1440 3948 e.
1455 3912 1482 3962 q.
1498 3896 1531 3966 0.]
1556 3895 1590 3950 ci.

309 3959 375 4014 Isrd.
395 3977 434 4016 or.
456 3959 479 4012 V
499 3967 542 4030 38,
561 3967 577 4014 3
600 3962 610 4030 ss
633 3960 821 4031 26ub11am]
842 3962 903 4018 bue.
923 3961 963 4018 IV
982 3968 1015 4016 37
1039 3963 1049 4030 t
1071 3963 1161 4033 aetas]
1181 3979 1276 4033 georg.
1295 3963 1334 4020 III
1354 3970 1388 4018 60

313 4087 525 4098 -.-

382 4181 397 4229 1
416 4193 487 4229 usrv
505 4176 710 4243 utsupra...
730 4174 857 4300 caelique
877 4175 1086 4244 marisqueom.
1106 4175 1593 4250 Cttterretscripsisferretot

310 4253 326 4302 8
346 4265 468 4301 consuas
486 4265 514 4300 rs
534 4263 628 4299 nrurvs
653 4265 770 4300 nsi-sasr
793 4265 834 4308 ες
858 4241 889 4300 τὸ
910 4253 1037 4316 posteros
1060 4250 1090 4302 et
1112 4251 1156 4303 est
1174 4291 1180 4302 .
1197 4289 1224 4303 ..
1245 4247 1401 4304 seruiium:
1446 4249 1495 4306 uia
1516 4251 1592 4305 bello

309 4317 415 4372 Punico
435 4316 556 4371 secundo
577 4357 628 4370 ...
648 4317 782 4372 Romanis
802 4317 894 4386 01114
914 4319 951 4372 nd
968 4335 993 4372 0.
1014 4322 1064 4372 282
1084 4319 1257 4388 flentemque
1276 4321 1415 4391 togatam]
1427 4267 1507 4376 bene
1525 4339 1591 4391 gen·

310 4391 368 4443 tem
467 4386 587 4442 maforte
611 4387 715 4443 dicunt.
735 4388 763 4441 P
781 4389 791 4458 1
816 4395 848 4443 10
872 4388 1000 4444 ceolobia
1020 4389 1047 4442 P
1065 4393 1075 4459 ΙΙ
1097 4391 1198 4446 celtice
1221 4392 1253 4444 K
1278 4391 1384 4446 calibos
1408 4393 1436 4446 P
1454 4394 1464 4462 ΙΙ
1486 4393 1594 4448 habent

310 4459 343 4514 K
362 4461 373 4529 t
397 4459 534 4514 18000101
552 4457 694 4513 BLHG·
717 4457 798 4514 ricini
817 4460 891 4513 ΚΜ
912 4459 1003 4514 ricinii
1022 4463 1032 4515 l
1053 4464 1064 4532 ΙΙ
1086 4464 1115 4516 01
1137 4461 1223 4518 recini
1246 4463 1324 4533 usus]
1348 4463 1523 4518 metricinius
1543 4465 1570 4516 P
1584 4467 1593 4541 ,t

313 4529 468 4585 1101010110
485 4529 549 4585 BP
571 4529 705 4602 rip'scinus
724 4531 755 4584 K
779 4531 889 4586 recinas
908 4531 1018 4585 Luc*
1044 4532 1157 4588 sicinius
1178 4535 1214 4588 M
1218 4535 1228 4587 l
1249 4536 1259 4603 ΙΙ
1281 4535 1444 4604 postergum
1467 4536 1500 4588 K
1503 4535 1568 4588 ΒΗ
1584 4541 1593 4604 t

312 4607 344 4657 18
364 4603 490 4656 mauorte
509 4601 537 4656 B
564 4588 680 4672 uulgom
703 4597 829 4660 alorti''''
853 4603 880 4657 L
908 4602 1009 4670 (aiorte
1032 4605 1118 4671 fuisse
1140 4606 1258 4673 videtur)
1280 4607 1290 4674 11
1315 4611 1346 4659 19
1371 4607 1522 4661 0110283
1546 4606 1593 4662 Sic

310 4671 460 4744 placitum]
479 4673 526 4727 vel
543 4671 609 4728 tatis
720 4673 760 4728 ati
778 4674 957 4744 hymenaeos.
977 4673 1033 4744 Py
1056 4682 1090 4732 20
1109 4675 1298 4745 quinquennio
1321 4676 1348 4729 P
1366 4679 1376 4746 t
1398 4683 1432 4732 21
1452 4667 1513 4732 etat
1531 4677 1592 4732 KL

310 4745 362 4811 (tl
380 4746 411 4798 in
428 4745 495 4810 ros.)
518 4745 528 4814 1
551 4749 585 4800 28
604 4743 677 4799 unde
735 4761 797 4800 mae
812 4745 1006 4801 ambitustrum
1024 4764 1043 4801 e.
1059 4765 1083 4817 q.
1098 4747 1132 4816 s]
1153 4749 1186 4814 cs.
1204 4749 1356 4803 Mornnoscn
1374 4748 1453 4807 Reno.
1472 4749 1592 4804 Stootsr.

311 4815 335 4869 11
354 4833 380 4884 p.
401 4821 452 4869 389
475 4817 486 4884 ΙΙ
509 4821 543 4871 28
562 4817 600 4870 ud
617 4832 642 4871 o.
661 4821 713 4871 284
732 4815 838 4871 Domus
857 4816 998 4889 Assaraci]
1017 4813 1139 4874 Troiani.
1160 4817 1187 4872 P
