3626 5558
336 447 402 510 384
448 417 453 426 ’
840 488 846 500 .
912 447 1034 504 saavu

337 625 477 674 Porvnr
491 625 598 674 ansas
620 608 675 672 too
693 614 737 674 est
759 609 935 693 disponunt
954 614 987 674 et
1009 613 1113 676 tectos
1137 609 1275 675 faciunt:
1300 610 1346 674 sic
1370 615 1403 675 et
1426 615 1517 676 scuta
1540 633 1616 676 oon·

337 714 438 779 dendo
461 714 564 780 latere
586 715 731 782 faciunt.

425 821 499 886 239.
536 847 651 888 sisara
679 823 783 905 attone
815 823 957 888 mittere.
1048 842 1199 890 mennas
1231 824 1313 890 bene
1343 823 1505 890 Misenum
1535 825 1616 891 dicit

336 927 526 993 tubicinem:
550 929 619 1013 ipse
643 933 694 994 est
716 929 802 993 enim
826 929 882 1015 qui
900 929 1018 994 dicitur
1037 931 1123 996 filius
1142 931 1242 995 baisse
1257 930 1366 1016 Aeoli,
1389 936 1427 995 ut
1446 930 1616 1016 <v1164>

302 1047 317 1095 1
337 1033 525 1100 Misenum
551 1034 756 1101 Aeoliden:
780 1037 856 1120 quis
879 1041 1007 1102 constat
1031 1059 1146 1102 sonum
1169 1059 1298 1103 omnem
1321 1059 1360 1102 ex
1384 1043 1481 1104 vento
1504 1039 1617 1106 creari.

425 1143 498 1206 240.
536 1159 632 1208 Nova
655 1143 751 1227 mira,
779 1147 816 1209 ut
837 1143 970 1209 Pollio
1000 1149 1037 1209 et
1065 1145 1149 1229 ipsc
1175 1145 1274 1210 facit
1301 1167 1399 1209 nova
1426 1146 1615 1212 carmina:

336 1270 412 1312 nam
434 1269 554 1313 novum
576 1249 699 1314 bellum
722 1271 788 1314 non
813 1253 864 1314 est
887 1249 976 1315 ouius
1001 1254 1090 1315 extat
1120 1251 1315 1336 exemplum3
1343 1250 1500 1317 Hercules
1529 1253 1616 1318 enim

336 1353 371 1418 in
399 1357 508 1419 monte
535 1355 694 1421 Arcadiae
723 1353 917 1440 Stymphalo
949 1355 1029 1422 vicit
1062 1354 1324 1441 Stymphalidas,
1355 1361 1393 1421 ut
1421 1357 1545 1424 Statius
1578 1363 1617 1423 et

337 1461 558 1526 aerisonum
586 1460 853 1547 Stymphalon.
899 1466 955 1528 aut
984 1461 1102 1528 ‘nova'
1135 1463 1220 1548 ideo,
1254 1463 1330 1548 quia
1359 1465 1521 1531 vulnerari
1548 1489 1616 1532 non

286 1571 497 1651 repeterent.

427 1676 500 1740 241.
537 1692 711 1743 obscenas
749 1678 908 1743 obscenae
946 1682 1021 1742 sunt
1058 1701 1149 1762 aves,
1186 1701 1268 1762 quae
1301 1680 1445 1746 canendo
1479 1679 1617 1746 adversa

337 1781 533 1867 significant,
556 1786 594 1846 ut
615 1785 713 1867 paulo
736 1790 812 1869 post
835 1767 964 1850 ‘infelix
988 1785 1104 1878 vates'.
1177 1803 1307 1852 Pansa!
1331 1803 1513 1853 vohvcssns
1538 1787 1616 1872 quia

337 1888 488 1954 dicuntur
515 1871 611 1955 Ponti
641 1893 675 1955 et
704 1889 823 1956 Terrae
852 1891 955 1956 filiae:
988 1892 1071 1956 unde
1086 1945 1088 1950 .
1104 1893 1138 1955 in
1167 1892 1281 1958 insulis
1309 1893 1463 1958 habitant
1489 1898 1616 1978 psrtem

337 1998 506 2078 tursrum,
529 2001 656 2079 partem
675 1998 774 2061 maris
792 2001 951 2064 teuentes.
989 1997 1046 2063 alii
1069 1994 1180 2064 dicunt
1199 2021 1253 2064 eas
1267 1999 1412 2084 Neptuni
1435 2000 1534 2084 filias,
1558 1999 1614 2084 qui

287 2115 319 2164 15
338 2101 406 2166 fere
429 2101 651 2187 prodigiorum
674 2104 819 2169 omnium
847 2109 941 2189 pater
968 2110 1033 2170 est:
1062 2126 1121 2170 neo
1149 2105 1315 2190 Inmerit03
1344 2129 1422 2172 nam
1446 2106 1621 2171 secundum

338 2207 504 2273 Milesium
526 2207 696 2274 Thaletem
726 2211 834 2276 omnia
863 2234 901 2275 ex
928 2233 1040 2276 umore
1068 2217 1295 2296 procreantur:
1323 2213 1407 2279 unde
1431 2219 1481 2279 est
1505 2211 1621 2278 Ocea·

337 2337 502 2399 numque
524 2321 676 2406 patrem
699 2339 834 2383 rerum.
881 2319 957 2384 hine
980 2319 1018 2384 fit
1040 2323 1091 2403 ut,
1116 2319 1404 2404 quotienscumque
1428 2321 1544 2385 desunt
1565 2304 1622 2404 pa-

338 2419 461 2506 rentes,
484 2421 633 2488 redeatur
656 2423 692 2486 in
714 2424 971 2509 generalitatem.
1018 2425 1064 2489 sio
1088 2430 1121 2490 et
1151 2426 1340 2512 peregrinos
1363 2427 1509 2512 Neptuni
1533 2427 1620 2492 tilios

339 2528 490 2612 dicimus,
523 2551 658 2614 quorum
690 2530 879 2615 ignoramus
912 2535 1073 2616 parentes.
1125 2532 1183 2597 alii
1212 2555 1288 2598 vero
1321 2533 1432 2599 dicunt
1464 2534 1621 2618 harpyias

286 2649 321 2698 1ο
339 2636 424 2704 filias
458 2658 527 2702 esse
560 2635 775 2702 Thaumantis
809 2641 841 2702 et
872 2638 1031 2704 Electrae.
1081 2641 1209 2721 qualum
1242 2639 1373 2723 ‘pelopi'
1406 2641 1621 2708 adcerbeizliter

218 2816 223 2826 ,
338 2743 505 2828 manat,
527 2748 562 2808 nt
580 2742 688 2822 ‘bellet
710 2750 747 2808 nt
764 2743 884 2828 ‘domi'‚
902 2749 1064 2827 propterea
1086 2746 1168 2828 qnod
1184 2766 1233 2810 res
1252 2747 1285 2810 in
1309 2747 1415 2811 Insula
1433 2749 1560 2830 peretur.

340 2876 474 2916 sonoras
498 2855 664 2914 ornonwre.
709 2851 838 2916 Ennius
858 2852 961 2930 ferro
981 2852 1125 2932 foedati
1147 2853 1278 2916 iacent.

428 2956 502 3020 242.
539 2974 603 3020 vm
631 2973 758 3022 anmls
787 2974 906 3021 111111
938 2956 1086 3022 naturale
1116 2959 1202 3022 enim
1233 2963 1283 3024 est
1311 2963 1349 3023 ut
1378 2959 1490 3026 eludat
1518 2960 1619 3025 ictum

339 3062 524 3145 plumarum
548 3063 681 3128 levitas:
711 3064 795 3128 unde
824 3067 857 3128 et
884 3063 1010 3130 addidit
1033 3063 1195 3148 ‘plumis'.
1240 3088 1331 3150 nam,
1350 3067 1446 3152 qnod
1469 3067 1619 3133 Donatus

286 3169 432 3252 aedicit,
465 3169 537 3233 ideo
566 3191 620 3234 eas
652 3169 754 3234 fuisse
784 3169 1053 3264 invulnerabiles,
1086 3170 1163 3255 quia
1191 3172 1230 3236 de
1259 3171 1360 3260 Styga
1391 3177 1484 3238 erant
1512 3179 1618 3258 nates,

339 3297 405 3340 non
427 3275 594 3359 probatur.

429 3381 503 3446 244.
538 3407 677 3448 sarasan
701 3384 933 3454 senaicomesaen.
1024 3401 1188 3449 vacarem
1215 3385 1261 3450 vel
1288 3385 1406 3468 pedum
1435 3387 1544 3472 sIgna:
1573 3389 1620 3453 uel
1739 3377 1742 3381 ’

338 3489 490 3554 indiciam
512 3489 663 3568 sordium,
686 3489 796 3571 quebns
817 3489 924 3572 epotus
946 3491 1126 3556 descedentes
1142 3491 1330 3573 polluebant.

410 3742 427 3791 6
445 3735 550 3806 Pollio]
569 3736 632 3790 bno.
651 3735 690 3789 III
709 3737 767 3802 861
785 3740 801 3788 8
821 3733 940 3860 Statius&
960 3735 1046 3790 Theb.
1066 3736 1201 3806 1111981
1221 3745 1253 3792 14
1272 3738 1322 3793 alii
1341 3738 1438 3794 dicunt
1457 3781 1464 3795 .
1485 3781 1491 3794 .
1512 3784 1518 3794 .
1537 3742 1618 3810 pater

339 3807 393 3878 est]
413 3807 448 3863 of.
468 3805 539 3860 (leII
558 3808 632 3861 noct.
652 3808 702 3861 att.
723 3805 774 3859 XV
792 3812 825 3859 11
840 3807 851 3875 ΙΙ
866 3811 897 3859 17
943 3807 1128 3879 ossuumque]
1146 3825 1241 3879 georg.
1261 3808 1299 3863 IV
1318 3813 1441 3879 301118
1460 3811 1501 3866 sic
1520 3815 1619 3866 et...

338 3877 481 3949 parentes]
502 3877 536 3932 cf.
556 3877 619 3932 Isid.
640 3894 678 3932 or.
698 3877 738 3931 IX
751 3883 776 3943 4,
790 3882 824 3930 41
839 3878 849 3945 1
863 3883 896 3930 11
916 3876 1035 3948 Ennius]
1055 3878 1109 3933 inc.
1128 3897 1202 3934 nom.
1221 3880 1271 3934 rel.
1285 3881 1349 3934 LIX
1367 3898 1411 3951 ap.
1427 3881 1508 3937 Ribb.
1523 3879 1567 3936 ed.
1584 3881 1621 3952 Π,

340 3947 432 4002 XXIII
451 3965 496 4018 ap.
516 3947 600 4002 Vahl.
613 3947 623 4016 11
637 3955 670 4003 17
690 3947 819 4018 vestigia
837 3947 940 4017 pedam
959 3949 1051 4020 rigna]
1072 3949 1106 4004 cI.
1126 3949 1191 4004 Isid.
1211 3967 1249 4006 or.
1269 3951 1320 4005 XV
1341 3959 1382 4021 16,
1403 3959 1435 4006 13

338 4095 551 4104 —--—-—-—-——-

411 4185 424 4232 1
445 4179 499 4234 hoo
518 4180 562 4232 est
579 4179 640 4234 hat.
661 4179 710 4248 01
728 4177 801 4233 sicut
819 4180 849 4232 et
867 4177 925 4232 FO
935 4181 945 4248 11
963 4185 979 4232 3
999 4179 1036 4232 ad
1055 4179 1167 4249 signum
1184 4197 1262 4250 supr.
1282 4199 1347 4236 vers.
1368 4182 1478 4238 scillcet
1496 4183 1619 4239 militare

340 4249 366 4303 T
377 4251 387 4320 11
405 4257 423 4304 4
440 4250 585 4304 tubicines
604 4249 635 4304 F
659 4250 813 4320 tubicslssen
834 4247 857 4303 0
873 4251 882 4318 11
900 4249 974 4303 filius
997 4248 1083 4304 fuisse
1102 4249 1204 4305 dicitur
1219 4251 1277 4306 FO
1291 4254 1301 4319 1
1319 4253 1364 4324 ut]
1382 4255 1456 4308 unde
1475 4253 1517 4309 ait
1536 4254 1595 4309 FC
1610 4304 1617 4322 ,,

339 4327 355 4375 6
375 4321 481 4390 apollio
501 4321 525 4376 0
544 4323 554 4390 1
579 4327 611 4375 13
630 4321 797 4376 habitabant
817 4319 841 4373 0
860 4321 870 4389 1
894 4326 926 4373 16
945 4319 1061 4374 humore
1079 4320 1155 4375 HM
1180 4340 1257 4377 mare
1278 4323 1325 4392 01
1350 4331 1382 4378 19
1402 4325 1452 4379 aIii
1471 4342 1537 4381 vero
1557 4368 1563 4380 .
1584 4369 1590 4381 .
1611 4365 1618 4380 .

338 4391 468 4446 Electrae
481 4397 546 4460 post
565 4393 700 4463 probatur
718 4392 777 4460 (lin.
798 4395 843 4457 16)
861 4392 922 4445 tab.
944 4390 975 4444 F
989 4393 1002 4460 1
1018 4407 1083 4446 vero
1103 4408 1153 4446 om.
1172 4393 1237 4448 ΒΗ,
1247 4396 1257 4462 1
1271 4401 1305 4448 10
1324 4395 1465 4466 Electrae]
1486 4413 1557 4464 qaae
1576 4397 1617 4450 sic

338 4463 469 4517 dicuntur
483 4463 556 4519 eIIoo
571 4462 680 4532 cypodo
694 4461 815 4532 podarce
829 4479 914 4529 quam
923 4461 1058 4532 Vis-gilius
1073 4463 1169 4518 celeno
1180 4465 1269 4519 Lione
1279 4471 1342 4520 teste
1352 4465 1416 4520 odd.
1427 4467 1564 4532 Guelfert.
1578 4467 1596 4520 I
1609 4469 1619 4536 1

338 4541 372 4589 10
391 4535 423 4588 nt
441 4533 555 4603 quidam
571 4533 602 4587 F
612 4537 622 4604 11
635 4533 797 4589 uerbialiter
811 4532 848 4600 F,
867 4549 936 4588 corr.
955 4533 1129 4602 Danielum
1144 4535 1216 4590 beIIe
1229 4535 1266 4603 F,
1285 4553 1353 4592 corr.
1366 4537 1547 4592 Commels'nus
1560 4539 1570 4608 1
1584 4544 1618 4592 11

338 4607 376 4660 aa
398 4605 512 4660 foedare
530 4621 606 4675 supr.
625 4622 693 4660 cers.
714 4605 859 4660 cruentare
880 4603 906 4658 Τ
926 4607 936 4673 1
958 4604 1064 4658 Ennius
1083 4605 1156 4660 ferro
1174 4605 1282 4662 foedati
1301 4608 1394 4662 iacent
1411 4609 1535 4664 Aneros.
1553 4611 1564 4675 1
1583 4615 1619 4664 14

337 4675 464 4732 Donatus
482 4676 564 4747 dicit]
583 4676 633 4731 alii
651 4676 748 4732 mount
766 4675 797 4729 F
807 4677 817 4744 1
831 4681 864 4729 15
883 4675 970 4730 fnisse
989 4691 1039 4729 om.
1055 4675 1106 4742 FII
1120 4677 1213 4748 erant]
1232 4677 1402 4750 11110117
1422 4681 1460 4734 aa
1478 4695 1616 4736 semesam

337 4763 413 4816 supr.
432 4763 499 4804 vers.
519 4748 731 4805 semicomesam
753 4747 799 4816 Τ1
813 4763 888 4801 seme
909 4761 1048 4800 comesam
1068 4745 1099 4800 F
1110 4747 1120 4814 1
1133 4747 1178 4804 od.
1197 4749 1320 4814 vestigia
1338 4767 1412 4818 supr.
1426 4767 1493 4808 cera.
1508 4751 1555 4806 ueI
1568 4767 1618 4822 pe·

338 4819 405 4872 dum
428 4820 509 4890 signa
530 4819 576 4877 uel
601 4819 687 4875 etiam
705 4816 839 4874 iudicium
858 4817 980 4872 sordium
1000 4817 1100 4885 quibus
1119 4817 1247 4874 sordibus
1266 4819 1439 4877 discedentes
1458 4821 1537 4892 ipsae
1557 4823 1618 4892 pol-

339 4889 454 4944 luebant
472 4891 588 4962 aepulas
608 4891 634 4944 T
