3626 5558
322 396 388 463 390
898 394 1018 451 suuvn

320 561 466 626 nativum
480 561 619 644 figurate
633 559 774 642 ponitur.
806 557 981 624 Sallustius
1005 562 1047 625 ut
1069 559 1176 643 prins
1200 580 1311 643 quam
1334 559 1487 644 legatos
1511 580 1601 624 con·

321 667 475 732 reniret
498 664 735 731 Adherbalis
759 666 965 750 potiretur.
992 666 1131 751 legimus
1155 671 1190 730 et
1211 687 1268 751 per
1291 666 1519 750 accusativum,
1541 665 1599 730 aad

322 774 371 838 uti
393 795 459 840 non
482 795 667 858 possumus:
691 770 861 838 Terentius
884 774 1016 858 patria
1038 773 1191 857 potitur
1216 773 1421 838 commoda.

411 880 485 946 279.
501 865 803 957 'uvsuuauvnovu
825 897 899 945 rovr
923 883 980 945 aut
999 877 1218 958 ε1111111111,
1241 878 1272 942 id
1292 883 1343 945 est
1359 901 1545 966 purgamur,
1564 883 1601 944 ut

287 987 393 1052 olori
422 1008 515 1052 sacra
541 987 712 1071 faciamus3
747 989 804 1050 aut
832 990 917 1051 certe
946 985 1140 1051 ‘lustramur
1163 983 1260 1069 Iovi'‚
1292 985 1326 1049 id
1350 991 1400 1050 eat
1424 987 1600 1070 expiamur.

322 1093 487 1177 piaculum
515 1094 601 1158 enim
629 1095 839 1161 commissum
866 1093 975 1159 firerat
1001 1098 1096 1159 tauro
1123 1093 1159 1158 in
1186 1091 1324 1158 Thracia
1347 1093 1531 1176 immolato,
1563 1098 1601 1160 ut

323 1199 462 1266 diximus
485 1223 585 1285 supra
608 1201 709 1286 <21>,
732 1205 766 1265 et
788 1201 866 1266 licet
889 1201 995 1265 multa
1017 1199 1156 1264 fuissent
1179 1203 1290 1264 secuta
1313 1199 1484 1283 sacrificia,
1507 1201 1601 1266 intel-

322 1306 497 1390 legebatur
531 1310 640 1371 tamen
677 1307 782 1372 adhuc
818 1328 938 1374 numen
975 1307 1096 1371 iratum
1132 1328 1198 1372 non
1236 1305 1458 1372 desinentibus
1496 1308 1600 1374 maiia

324 1412 490 1479 sciendum
513 1435 590 1478 sane
613 1414 713 1479 moris
731 1413 841 1498 fuisse,
864 1418 901 1479 ut
919 1415 1048 1499 piaculo
1068 1414 1242 1479 commisso
1261 1412 1330 1478 ludi
1350 1413 1602 1480 celebrarentur:

273 1531 306 1579 1⁰
325 1542 402 1585 nam
433 1541 506 1584 cum
528 1519 668 1585 Romani
698 1520 866 1586 iracundia
896 1521 1010 1586 matris
1041 1519 1135 1585 deum
1166 1519 1353 1585 laborarent
1382 1523 1415 1584 et
1443 1541 1514 1584 eam
1541 1543 1602 1586 nec

324 1626 490 1691 sacrificiis
519 1648 579 1692 neo
608 1627 693 1691 ludis
723 1627 853 1710 placare
879 1631 1030 1712 possent,
1062 1627 1195 1711 quidam
1226 1648 1322 1691 senex
1354 1627 1488 1691 statutis
1515 1627 1601 1692 ludis

323 1733 521 1816 circensibus
546 1733 687 1816 saltavit,
711 1756 792 1818 quae
817 1733 889 1799 sola
907 1733 970 1799 luit
988 1755 1085 1799 causa
1103 1733 1311 1818 placationis:
1335 1732 1420 1798 unde
1439 1737 1472 1797 et
1488 1738 1602 1799 natum

323 1840 531 1923 proverbium
562 1843 613 1906 est
643 1842 770 1906 omnia
800 1841 980 1924 secunda,
1010 1841 1132 1906 saltat
1161 1862 1286 1906 senex.
1335 1842 1476 1923 quamam
1498 1841 1552 1907 boe
1573 1848 1602 1908 el

324 1945 387 2010 alia
410 1946 515 2010 ordine
537 1952 566 2010 et
586 1948 653 2011 alia
675 1969 712 2012 en
734 1968 828 2013 eausa
850 1951 1003 2011 aemalae
1025 1947 1195 2028 †stlolian.
1229 1952 1286 2011 aul
1303 1946 1492 2012 ‘lustramnr
1505 1947 1603 2031 Ion’,

272 2063 304 2112 15
324 2053 398 2135 quia
420 2073 517 2135 supra
539 2053 648 2137 <222>
671 2056 795 2120 dinnal
824 2055 1015 2136 ipsumque
1045 2073 1216 2118 vocamus
1246 2054 1289 2118 in
1315 2059 1462 2138 partem
1489 2076 1603 2136 prae-

323 2160 475 2242 damque
497 2159 619 2225 Iovem
640 2167 670 2226 el
684 2165 793 2243 postea
809 2181 911 2244 poeria
933 2160 1139 2244 harpyiarum
1160 2165 1262 2226 semla
1280 2165 1339 2225 esl:
1361 2181 1431 2245 erpa
1454 2163 1604 2243 queniam

323 2287 386 2332 non
408 2267 451 2330 ad
471 2267 588 2332 iudum
610 2269 799 2350 sacrificinm
821 2266 925 2331 levem
953 2267 1172 2344 invocaverint,
1200 2267 1266 2332 ideo
1288 2267 1339 2333 illi
1355 2268 1520 2350 piaculum
1541 2268 1601 2334 sol-

323 2377 414 2449 eant·
436 2371 558 2438 locun
578 2375 660 2438 enim
684 2373 757 2440 ‘diis
780 2371 936 2458 lrnlran',
951 2373 1079 2459 ''offena
1100 2392 1204 2436 meum
1223 2373 1356 2438 liberari.
1379 2393 1455 2438 sane
1473 2373 1602 2440 ‘lustra-

323 2478 412 2543 mur'
440 2482 512 2561 apta
538 2480 625 2545 verbo
652 2501 728 2546 acus
754 2487 798 2546 est
825 2481 1007 2546 mentionem
1035 2479 1178 2544 ludorum
1197 2478 1355 2559 factumn
1388 2479 1498 2545 lorum
1520 2482 1602 2546 enim

273 2597 307 2645 eo
325 2588 529 2651 certaminum
550 2607 641 2651 sacra
662 2587 820 2652 celebratio
844 2587 976 2652 lustrum
998 2591 1139 2651 uocatur:
1168 2586 1298 2650 laenate
1320 2586 1402 2650 enim
1418 2587 1535 2668 populo
1557 2588 1605 2652 alii

318 2693 496 2775 placantia.
601 2695 752 2773 uorrsorr]
777 2693 928 2758 *damnum
950 2696 995 2758 esi
1015 2697 1123 2756 ulrum
1143 2693 1295 2772 faciendis
1318 2713 1361 2756 an
1383 2693 1534 2758 solvendas
1554 2714 1602 2758 aa

325 2799 397 2864 iis*
491 2825 631 2872 rorrsora
647 2824 829 2867 laceramus
845 2825 922 2866 raas
943 2800 979 2864 id
998 2804 1043 2864 ese
1063 2804 1134 2864 vola
1153 2800 1307 2880 faciemes.
1353 2798 1511 2864 dammim
1534 2821 1602 2864 vero

323 2911 430 2971 ulrum
457 2904 542 2970 Ionis
568 2926 656 2990 aras,
683 2927 726 2971 on
755 2905 880 2972 Veneris
907 2907 1029 2971 dicerit.
1081 2907 1180 2972 Varro
1207 2908 1290 2972 enim
1321 2906 1465 2988 templum
1493 2906 1604 2971 Venari

325 3011 364 3076 ab
387 3012 493 3077 Aenea
515 3013 684 3098 condilum,
706 3013 760 3078 ribi
781 3033 865 3077 mma
887 3011 1006 3079 Leucae
1028 3019 1079 3098 est,
1102 3015 1192 3079 ann:
1215 3013 1358 3095 quamuis
1379 3013 1555 3078 Menander
1576 3018 1606 3078 et

274 3128 308 3178 21
329 3118 491 3200 Turpilium
517 3120 624 3184 comici
650 3141 671 3184 a
694 3119 820 3185 Pluaone
841 3119 950 3184 Lesbio
978 3121 1013 3184 iol
1039 3121 1184 3203 lenrplam
1211 3121 1368 3185 condilum
1390 3119 1504 3185 dieunt.
1549 3122 1604 3202 qai

325 3246 395 3290 nrm
417 3231 492 3290 esset
512 3226 740 3311 nummolarius,
766 3227 875 3292 solitus
897 3248 918 3290 a
940 3227 1036 3292 Lesbo
1059 3229 1094 3292 in
1117 3229 1318 3318 continentem
1335 3226 1495 3309 promotos
1516 3247 1604 3308 qums-

399 3442 413 3489 1
433 3434 595 3509 Sallustius]
613 3436 671 3507 lug.
687 3443 731 3504 21,
747 3437 832 3504 10113
852 3435 1012 3507 Terentius]
1032 3435 1069 3490 ad
1085 3435 1110 3490 V
1124 3442 1150 3506 4,
1166 3443 1207 3492 17.
1227 3435 1348 3491 ciDon.
1363 3436 1495 3491 adhunc.
1510 3454 1581 3494 vers.
1596 3437 1606 3510 ll

326 3511 361 3560 24
380 3505 531 3561 Menander
549 3509 581 3565 et
598 3506 751 3579 Turpilius]
772 3505 806 3561 of.
825 3506 974 3562 Ribbeckii
993 3523 1064 3561 corn.
1082 3507 1131 3562 lat.
1151 3507 1201 3561 rel.
1219 3526 1246 3577 p.
1266 3511 1301 3561 84
1319 3507 1362 3563 ed.
1382 3507 1395 3561 Ι

401 3707 414 3754 1
436 3701 599 3757 conveniret
624 3700 694 3756 Fu:
721 3701 830 3756 uideret
851 3701 990 3756 LHME
1015 3703 1025 3771 ΙΙ
1052 3707 1068 3756 2
1093 3701 1252 3757 adhemalis
1275 3701 1306 3756 F
1336 3701 1489 3758 atherbalis
1509 3703 1581 3758 ΜΕ
1597 3705 1607 3775 i

328 3780 345 3826 a
364 3769 512 3842 faciamus]
536 3775 586 3827 aut
609 3773 724 3827 dubium
751 3775 794 3828 est
811 3774 904 3827 utrum
921 3771 1058 3827 iaciendis
1077 3789 1113 3827 au
1132 3773 1273 3828 soluendis
1291 3773 1366 3829 notis
1385 3774 1448 3829 add.
1468 3773 1511 3839 F,·
1537 3792 1608 3842 quiae

328 3860 389 3897 enm
407 3845 444 3898 od
463 3843 592 3913 votisque
607 3846 766 3912 perlineonl
780 3849 844 3912 post
862 3843 1009 3913 placantur
1028 3845 1139 3912 (111121)
1158 3846 1287 3899 collocavi
1300 3846 1310 3914 ΙΙ
1325 3850 1357 3898 12
1377 3844 1511 3900 salutauit
1530 3844 1607 3916 Fal

329 3930 414 3968 causa
438 3913 496 3968 fuit
514 3914 544 3968 F
564 3917 574 3984 l
599 3922 630 3969 13
650 3915 756 3969 salutat
774 3913 861 3983 Fen
884 3914 1011 3983 quamuis
1034 3914 1089 3969 hoc
1106 3931 1141 3968 ex
1159 3915 1215 3970 alio
1234 3915 1331 3970 ordine
1350 3915 1454 3971 atalia
1472 3933 1506 3970 ex
1524 3933 1609 3971 cansa

328 3986 457 4038 narretur
476 3985 582 4041 stotian
599 3985 704 4040 Daniel
727 3985 856 4055 quamvis
874 3986 945 4040 haec
963 4002 997 4040 ex
1015 3985 1073 4040 alio
1092 3985 1186 4040 ordine
1205 3989 1235 4040 et
1253 3987 1309 4041 alia
1327 4002 1361 4040 ex
1379 4003 1463 4041 causa
1481 3991 1609 4042 narretur

329 4055 448 4110 historia
468 4055 647 4111 Gamnaeliums
660 4059 778 4126 primus.
797 4059 807 4125 l
826 4063 859 4111 14
878 4056 983 4112 station
1001 4056 1086 4112 Rern.
1109 4063 1166 4112 167.
1200 4073 1217 4110 a
1237 4056 1370 4112 Suetonio
1394 4056 1429 4112 F.
1448 4057 1607 4115 Scluoelliua.

329 4127 445 4193 sortasse
469 4125 499 4180 in
518 4127 590 4182 libro
609 4130 716 4184 octavo.
749 4129 784 4195 es.
803 4127 878 4183 Sero.
898 4128 936 4182 ad
954 4128 1023 4183 Aen.
1042 4127 1108 4181 VlII
1128 4133 1179 4182 110
1192 4129 1202 4198 n
1217 4133 1250 4181 14
1265 4128 1323 4182 ioni
1340 4128 1392 4198 Fi
1405 4129 1443 4182 ad
1455 4128 1609 4184 lustramus

329 4199 361 4252 in
379 4215 465 4267 maru.
490 4199 565 4266 quod
589 4198 659 4253 dicit
676 4199 828 4254 lustramus
845 4199 912 4269 apto
931 4199 1017 4253 uerbo
1037 4215 1102 4252 usus
1121 4200 1165 4252 est
1182 4199 1352 4254 mentionem
1370 4199 1499 4254 ludorum
1517 4199 1607 4255 iactu·

329 4286 376 4322 rus
395 4269 462 4337 quia
481 4269 581 4323 borum
600 4270 783 4325 certaminum
802 4286 881 4324 sacra
898 4269 1050 4324 celebratio
1069 4269 1185 4323 lustrum
1204 4271 1360 4325 uocabatur
1377 4271 1407 4324 et
1424 4269 1545 4326 lustrato
1558 4289 1607 4341 po·

329 4340 397 4408 pulo
422 4339 463 4394 dii
481 4340 665 4409 placabantur
685 4341 712 4394 Τ
731 4343 741 4411 l
764 4347 798 4394 22
816 4361 896 4396 vorrs
915 4340 945 4394 F
965 4343 975 4409 l
997 4342 1034 4395 od
1052 4339 1181 4409 votisque
1200 4340 1372 4396 incendimus
1391 4357 1453 4396 aras
1472 4343 1504 4396 in
1521 4360 1606 4412 marn.

329 4409 475 4465 dubitatur
497 4411 569 4466 iouis
593 4429 628 4466 au
652 4412 761 4467 ueneris
784 4428 847 4467 aras
866 4411 942 4466 dicat
959 4428 1042 4466 uarro
1060 4411 1149 4466 tradit
1165 4412 1302 4482 templum
1321 4412 1357 4467 ab
1375 4429 1446 4466 enea
1463 4413 1607 4468 conditum

327 4480 426 4535 uoueri
453 4481 502 4535 ubi
529 4483 559 4535 et
589 4482 701 4537 leucata
732 4498 812 4538 mons
837 4483 882 4537 est
908 4481 1035 4552 quamuis
1059 4526 1065 4536 .
1090 4523 1096 4536 .
1122 4523 1127 4535 .
1151 4483 1344 4553 cognominem
1373 4483 1427 4537 sibi
1453 4482 1522 4538 fecit
1547 4485 1572 4538 T
1597 4485 1606 4554 Ἰ

329 4557 362 4605 23
382 4551 471 4607 Varro
490 4552 532 4606 ait
549 4554 687 4623 templum
706 4553 808 4609 Veneri
826 4554 862 4609 ab
881 4553 976 4608 Aenea
994 4553 1138 4608 conditum
1156 4553 1204 4607 nbi
1223 4572 1295 4608 nunc
1313 4554 1435 4616 Leucate
1454 4555 1577 4609 Ambrae.
1597 4536 1608 4628 ΙΙ

329 4627 364 4676 24
382 4622 487 4678 Leucas
510 4625 554 4678 est
572 4624 719 4694 Hopenna:
747 4625 857 4681 leucasd
877 4625 908 4680 F
933 4624 1083 4679 Leucatam
1108 4625 1211 4678 Daniel
1230 4627 1340 4693 primus
1366 4628 1376 4696 ΙΙ
1402 4625 1554 4681 Menander
1578 4627 1608 4682 ct

328 4693 471 4762 Turpilius
499 4693 605 4749 Comici
628 4697 766 4764 templum
788 4696 892 4751 Veneri
915 4697 1054 4750 alanone
1077 4694 1167 4750 lesbio
1191 4697 1335 4751 conditum
1360 4697 1457 4750 dicunt
1479 4697 1606 4752 Ambrae.

329 4765 358 4831 (a
376 4763 480 4820 lenone
498 4782 572 4820 man.
589 4769 650 4835 see.)
664 4768 721 4836 121
740 4767 854 4823 Phaone
875 4767 1067 4823 Gmnmelinus:
1086 4765 1195 4822 sacione
1215 4766 1246 4820 F
1271 4766 1372 4823 fanone
1389 4767 1436 4837 ΤΙΙ
1450 4767 1546 4823 dicant
1561 4768 1587 4821 Τ
1598 4768 1608 4838 ll

329 4835 618 4906 1111111111
635 4853 685 4893 om.
707 4839 733 4890 T
