3604 5552
546 482 660 540 COMM.
682 483 720 539 IN
740 483 845 539 VERG.
866 483 949 540 Anu.
971 485 988 540 l.
1009 491 1158 546 aee-312.
1425 486 1488 548 113

205 647 289 732 fieri,
312 669 385 712 cum
403 648 601 732 praepositio
621 648 768 714 detracta
782 650 905 714 nomini
924 651 1023 714 verbo
1039 650 1222 734 copulatur,
1247 652 1279 713 et
1298 650 1487 734 plerumque

207 776 278 820 eam
301 777 393 820 suam
411 755 551 820 retinere
570 761 720 822 naturam
743 758 933 843 plerumque
953 761 1150 824 convertere.
1186 756 1248 822 hoc
1267 757 1368 841 igitur
1388 757 1487 820 scien·

206 861 281 926 dum
306 867 369 946 est,
399 862 488 946 quia,
517 885 589 928 cum
615 885 724 928 casum
749 887 843 929 suum
866 866 1000 950 retinet,
1031 863 1253 948 hysterologia
1277 868 1339 948 est,
1367 870 1404 930 ut
1426 864 1488 928 hoc

206 968 292 1055 loco;
315 991 388 1034 curn
407 974 516 1036 autem
536 973 655 1054 mutat,
677 971 865 1057 figuraest,
888 976 925 1037 ut
944 969 1147 1036 Cumarum
1171 970 1371 1035 adlabitur
1394 971 1488 1048 oris3

206 1073 305 1140 ‘oris'
338 1077 424 1141 euim
456 1099 516 1161 pro
549 1098 622 1141 oras
655 1077 774 1161 posuit.
826 1078 1015 1162 plerumque
1043 1082 1153 1142 tamen
1182 1078 1281 1144 etiam
1309 1078 1522 1162 superfluens

205 1185 331 1266 ponunt
352 1184 622 1268 praepositiones.
711 1207 786 1256 oms
809 1208 899 1250 usuro
919 1209 1093 1250 recesseram
1113 1187 1196 1265 cars]
1220 1181 1312 1250 *sine
1329 1187 1488 1270 marpesi-

205 1289 294 1353 tione.
338 1289 507 1356 Sallustius
525 1311 646 1372 pensio
662 1295 816 1372 patruni
839 1288 1128 1356 advolvuntrn·.*

294 1396 368 1461 308.
410 1415 469 1475 er
498 1414 660 1461 renuens
693 1398 762 1461 iure
795 1397 939 1480 dubitat,
971 1419 1043 1461 cum
1075 1396 1185 1462 omnia
1214 1403 1326 1464 cernat
1355 1399 1488 1464 inculta.

205 1507 255 1567 est
278 1507 388 1568 autem
412 1503 490 1569 ordo
514 1502 586 1588 ‘qui
605 1508 750 1588 teneant,
773 1503 964 1570 hominesne
983 1502 1140 1585 feraeue’3
1167 1504 1273 1570 media
1295 1527 1353 1589 per
1376 1527 1488 1589 pareu-

205 1609 312 1674 thesin
336 1610 423 1674 dicta
446 1614 531 1676 suut.
621 1628 760 1676 nxac'rn
789 1611 959 1696 exquisita.
1005 1617 1033 1676 et
1055 1611 1183 1676 ostendit
1200 1613 1367 1693 providum
1388 1633 1487 1695 repern
1507 1622 1540 1671 10

200 1738 258 1798 per
280 1738 312 1782 sc
333 1723 491 1784 curantem
513 1718 671 1782 commoda
692 1719 853 1784 suetonum.

295 1826 367 1890 310.
405 1843 443 1890 lu
467 1842 631 1891 convexo
655 1843 829 1891 unnouvu
852 1826 1102 1910 prooeconomia
1125 1812 1175 1890 est
1198 1823 1239 1890 ad
1263 1846 1394 1889 causam
1416 1846 1486 1909 per·

205 1933 322 1998 tinans.
367 1955 434 1999 non
462 1932 549 1997 enim
576 1933 742 1998 tenebitur
770 1934 810 1998 ab
835 1932 940 2012 Afris,
972 1939 1009 1999 ut
1032 1932 1162 2016 Ilionei,
1194 1933 1303 2015 etqui
1329 1953 1399 1996 nrm
1420 1933 1487 2014 ipso

204 2045 448 2123 adinvenerant.
495 2037 669 2105 ‘convexo'
699 2042 809 2105 autem
842 2061 952 2124 curvo,
985 2039 1068 2105 unde
1101 2043 1134 2104 et
1164 2060 1339 2104 convexum
1370 2038 1488 2104 dicitm

206 2147 340 2213 caelum.
386 2169 462 2212 sane
491 2146 702 2214 subaudimus
733 2145 848 2232 ‘loco',
880 2149 917 2212 ut
944 2146 1024 2211 alibi
1052 2150 1269 2211 castrorum
1299 2149 1335 2210 et
1364 2145 1487 2229 campi
1507 2157 1540 2204 15

205 2253 345 2331 medio,
378 2254 412 2318 id
444 2259 494 2319 est
527 2254 643 2338 spatio.
690 2251 879 2319 ‘mmm'
916 2259 1018 2319 aalma
1046 2254 1134 2318 ruodo
1161 2254 1319 2319 nieorum.
1344 2254 1490 2318 -interest

205 2365 308 2425 aretem
330 2361 410 2425 inter
431 2381 540 2426 nanus
562 2367 590 2426 et
612 2361 724 2426 siloam
746 2366 774 2426 et
798 2362 916 2440 liceum·
941 2362 1026 2426 lucres
1045 2363 1127 2426 enim
1150 2365 1194 2426 est
1215 2360 1361 2425 arborum
1383 2360 1487 2424 multi·

206 2468 277 2532 tudo
308 2489 377 2532 mni
408 2469 565 2552 relipionc,
597 2489 705 2534 nerum
731 2489 800 2533 vere
827 2469 992 2550 composita
1023 2469 1185 2534 multitudo
1218 2468 1376 2545 arborum,
1408 2467 1488 2532 siloa

204 2573 322 2654 diffusa
344 2580 373 2640 et
394 2575 520 2639 inculta.
602 2592 666 2640 svn
690 2593 781 2639 aven
802 2592 941 2640 envers
963 2575 1163 2659 periphrasis
1188 2578 1237 2640 est
1261 2575 1442 2658 speluncae.

294 2681 368 2745 311.
405 2697 599 2745 suuomsvs
619 2697 736 2758 inova
761 2699 1007 2747 nonuuumuvs
1026 2700 1153 2748 vnsms
1178 2682 1301 2747 umbris
1326 2681 1487 2765 arborum,
1506 2689 1540 2737 20

206 2808 268 2871 quo
292 2786 389 2852 modo
413 2787 627 2872 molemque
651 2791 689 2852 et
711 2792 872 2854 montes.
905 2777 977 2855 ‘aut
1000 2794 1087 2855 certe
1111 2789 1282 2854 arboribus
1306 2792 1339 2853 et
1362 2786 1487 2852 umbris

206 2893 386 2977 speluncae.
432 2899 459 2958 et
487 2893 558 2960 tenc
584 2895 714 2960 ostendit
740 2897 845 2960 omnia
868 2897 1002 2981 †curnis
1030 2897 1139 2961 cena
1165 2896 1296 2961 nauibrs
1321 2915 1384 2960 non
1411 2913 1489 2976 quae

204 3005 349 3065 emmoni
371 3021 439 3066 curn
462 3000 576 3066 Aenea.
623 3001 794 3068 ‘emersam’
817 3008 920 3068 auam
944 3001 1082 3069 ‘occidi'
1106 3003 1215 3068 amulii
1236 3008 1264 3068 et
1286 3002 1405 3068 olausd

294 3109 368 3173 312.
405 3125 602 3174 conruervs
627 3126 764 3174 seusun
795 3111 865 3176 bene
889 3112 1018 3177 ostendit
1040 3110 1178 3175 Aeneam
1200 3130 1262 3176 esse
1282 3109 1488 3192 fortissimum

205 3235 258 3280 nec
279 3216 448 3298 puidqrmrn
473 3218 577 3283 timere
598 3219 723 3284 diceido
747 3217 824 3284 ‘uno
843 3219 989 3302 proditur
1007 3219 1169 3283 comitatus
1187 3214 1329 3282 Aebate'.
1358 3221 1387 3280 ct
1408 3216 1488 3280 dixi·
1506 3224 1540 3272 25

204 3345 276 3388 mus
300 3323 425 3407 quaeri,
449 3345 505 3388 eur
523 3323 666 3390 Achates
687 3324 816 3390 Aeneas
840 3325 884 3389 sit
907 3347 1024 3390 eomes.
1061 3325 1152 3389 varia
1176 3322 1304 3408 quidem
1329 3323 1487 3407 dicuntur,

123 3431 130 3442 “
204 3429 321 3494 melius
345 3433 455 3496 tamen
477 3431 539 3497 hoc
567 3431 715 3516 fingitur,
742 3435 943 3496 attractum
966 3453 1084 3497 nomen
1108 3431 1152 3496 sit
1175 3453 1194 3494 a
1218 3428 1341 3495 Graeca
1364 3434 1486 3515 etymo-

205 3535 303 3621 logia.
341 3531 421 3620 ἄχος
440 3538 525 3602 enim
545 3537 662 3603 dicitur
681 3538 883 3623 sollicitud0‚
907 3562 989 3624 quae
1012 3559 1126 3624 regum
1149 3559 1276 3622 semper
1297 3540 1348 3601 est
1370 3557 1486 3601 comes.

276 3717 292 3764 4
312 3711 474 3783 Cumarum]
495 3715 527 3767 A.
547 3713 586 3768 VI
605 3715 674 3782 21Ιῖ
695 3711 855 3783 Sallustius]
875 3713 938 3767 hist.
960 3713 1060 3784 fragm.
1080 3712 1134 3768 ine.
1154 3719 1188 3767 60
1207 3711 1292 3766 Kritz.
1307 3713 1317 3780 ΙΙ
1332 3717 1364 3766 15
1384 3713 1486 3766 castro·

204 3782 277 3854 rum]
298 3785 330 3836 A.
350 3783 389 3837 IX
408 3789 460 3839 228
484 3786 494 3854 ΙΙ
516 3791 549 3839 21
569 3786 743 3855 molemque]
763 3785 796 3840 A.
817 3786 828 3838 l
848 3791 879 3839 61

278 3951 290 3997 1
311 3944 349 3998 ad
366 3943 538 4014 praepositio
558 3944 590 3998 K
609 3947 618 4014 ΙΙ
641 3951 657 3998 t
677 3945 806 3999 naturam
825 3959 876 3997 om.
896 3943 928 3996 K
944 3945 954 4012 11
977 3949 993 3997 3
1013 3943 1091 4014 quia]
1112 3943 1187 4012 quod
1205 3943 1232 3996 B
1255 3944 1265 4012 ΙΙ
1288 3949 1304 3996 4
1324 3941 1484 4013 Cumarum]

204 4031 267 4068 cum
286 4015 380 4068 BLH
403 4017 413 4084 ΙΙ
435 4015 569 4069 allabitur
587 4016 645 4069 BL
667 4017 677 4084 ΙΙ
700 4021 716 4069 5
735 4015 900 4084 plenumque
923 4018 1018 4068 tamma
1036 4016 1123 4069 etiam
1141 4015 1182 4069 B:
1210 4014 1375 4084 plerumque
1399 4013 1486 4067 etiam

203 4087 301 4139 tamen
324 4086 411 4141 etiam
429 4087 462 4140 K
485 4087 647 4156 plerumque
671 4086 756 4141 etiam
775 4085 926 4140 1111Μο*
948 4087 958 4154 [1
981 4091 997 4137 8
1023 4087 1061 4140 cd
1083 4104 1106 4140 u.
1127 4090 1179 4140 308
1199 4084 1253 4151 Qui
1270 4085 1398 4156 teneant]
1418 4083 1486 4138 ordo
1516 4078 1527 4098 ⁸

204 4159 247 4212 est
267 4197 272 4208 .
290 4199 295 4210 .
312 4198 317 4211 .
337 4157 476 4226 exquisita
495 4158 670 4227 (exquesita).
692 4158 719 4211 P
739 4158 749 4226 ΙΙ
772 4158 847 4228 cum]
867 4157 916 4225 qui
933 4157 961 4209 Β
984 4157 994 4226 Ι]
1018 4163 1049 4210 la
1075 4158 1112 4211 ad
1130 4175 1154 4212 v.
1175 4157 1276 4210 310111
1296 4173 1420 4211 connexo
1438 4172 1486 4209 ne·

203 4227 324 4298 morum]
350 4229 566 4300 prooeconoruia
589 4233 633 4284 est
651 4272 656 4283 .
673 4271 701 4283 ..
727 4229 885 4298 speluncae.
907 4229 935 4282 P
954 4229 964 4297 ΙΙ
986 4228 1022 4282 ad
1046 4245 1160 4282 causam
1178 4226 1332 4298 pertinens]
1352 4227 1388 4282 ad
1406 4226 1486 4280 illam

204 4298 313 4354 scilicet
331 4301 397 4368 quia
415 4300 488 4355 aliae
507 4317 593 4354 naues
611 4304 712 4370 captae
732 4302 804 4354 sunt.
833 4301 904 4354 istae
923 4300 1037 4354 latendo
1053 4301 1202 4354 euaserunt
1220 4300 1284 4354 add.
1300 4299 1309 4351 t
1328 4299 1359 4352 in
1376 4315 1461 4366 marc.
1479 4299 1486 4367 ¹]

207 4377 238 4424 13
258 4387 314 4425 non
338 4371 412 4425 euim
431 4371 603 4426 intenebitur
621 4371 653 4424 K
672 4373 682 4440 ΙΙ
704 4372 736 4424 ut
754 4370 854 4425 lliouei
879 4387 928 4425 om.
948 4371 975 4424 B
1003 4373 1035 4424 ut
1051 4370 1166 4424 ilionins
1187 4371 1215 4422 P
1242 4373 1272 4423 ut
1290 4369 1377 4422 iliona
1400 4369 1429 4421 H
1453 4371 1487 4422 ut

203 4441 302 4496 iliouei
319 4442 399 4496 nauis
419 4443 456 4496 M
461 4444 471 4496 l
476 4485 484 4508 ,
502 4443 578 4497 tund
595 4444 651 4496 scio
669 4448 801 4496 annecte.
824 4445 834 4512 ΙΙ
858 4448 892 4496 20
912 4443 949 4496 ad
966 4459 990 4495 e.
1010 4449 1061 4496 311
1082 4441 1203 4511 Occulit]
1223 4457 1275 4510 pro
1286 4440 1418 4494 occuluit
1436 4440 1471 4506 (si

203 4514 308 4566 Darsicl
327 4513 432 4568 occulit
449 4515 518 4584 cod.)
542 4513 571 4568 id
595 4515 638 4567 est
663 4513 811 4568 abscondit
833 4515 863 4568 et
885 4513 994 4568 clausit.
1016 4513 1043 4565 P
1061 4514 1071 4582 ΙΙ
1094 4531 1240 4566 insomnes
1335 4511 1485 4581 speluncae

203 4601 252 4636 orn.
272 4584 299 4637 B
312 4585 322 4652 ΙΙ
341 4603 427 4645 trove
448 4603 627 4639 somnumve
647 4626 653 4638 .
670 4625 697 4638 ..
717 4585 848 4640 arborum
867 4601 917 4640 om.
932 4585 965 4637 K
974 4587 984 4654 ΙΙ
1003 4590 1035 4637 21
1056 4582 1159 4636 montis
1179 4583 1212 4636 ΙΙ
1217 4583 1253 4636 Μ
1268 4584 1278 4652 ΙΙ
1299 4589 1331 4635 22
1347 4587 1413 4651 post
1429 4597 1486 4636 non

204 4655 332 4710 laninam
356 4659 491 4710 indicauit
509 4655 667 4724 Scioppius.
705 4657 742 4709 ad
765 4657 936 4709 laudandam
955 4659 1061 4708 Anteae
1079 4654 1252 4724 dilipcntiarn
1267 4655 1404 4720 pertinere
1421 4653 1486 4706 tace

202 4727 284 4780 rerba
303 4733 328 4780 et
351 4727 491 4782 curavisse
515 4727 598 4781 latere
621 4729 652 4780 in
676 4725 767 4781 curvis
790 4727 949 4797 suspicatur
968 4726 1004 4780 F.
1023 4725 1173 4780 schoenus
1196 4728 1205 4792 [Ι
1228 4731 1261 4778 23
1281 4725 1405 4778 clausam
1425 4765 1431 4776 .
1451 4763 1484 4778 ..

203 4797 306 4852 clausit
324 4799 359 4851 F.
380 4799 543 4851 Setocllius:
563 4798 681 4852 classem
700 4797 794 4851 autem
814 4796 918 4851 occulit
936 4799 964 4851 et
982 4795 1084 4851 elausit
1104 4797 1151 4864 0]
1173 4801 1206 4850 25
1226 4794 1359 4866 diximus]
1379 4795 1484 4848 dictum

203 4872 247 4922 est
267 4869 290 4922 O
307 4871 317 4937 ΙΙ
340 4875 373 4922 ‘28
392 4869 476 4922 achas
495 4869 561 4923 RK
565 4870 598 4923 H
602 4871 638 4923 M
656 4870 666 4937 ΙΙ
693 4867 807 4938 dicitur]
827 4869 858 4921 in
876 4869 926 4922 troc
942 4869 1021 4922 nubo
1040 4867 1140 4922 desinit
1153 4867 1306 4936 Lipsiensis
1324 4868 1423 4933 solium
1441 4871 1484 4920 91,

198 4942 357 5007 proximum
375 4942 447 5010 quod
466 4943 622 4995 continebat
641 4939 802 4995 sollicitudo
821 4940 858 4994 ed
876 4957 996 4994 merum.
1035 4959 1087 4992 oss
1106 4941 1182 5007 (vers.
1200 4940 1263 5008 341)
1283 4939 1430 4993 intercidit.

257 5037 330 5078 Servii
344 5049 423 5082 comm.
439 5040 490 5082 Vol.
504 5041 522 5083 1.
538 5041 603 5081 Parc.
618 5041 636 5080 1.
1254 5035 1270 5082 8
