3604 5552
543 436 657 494 sonu.
678 437 717 490 ru
736 436 843 494 vaae.
863 436 949 494 reu.
967 399 987 490 i.
1007 441 1158 491 rer-ras.
1429 437 1493 504 143

299 600 373 666 435.
411 617 571 665 Isnsvvm
602 600 733 684 inutile,
762 622 828 666 non
852 605 964 686 aptum
988 599 1181 686 industriae,
1211 622 1287 665 nam
1318 599 1494 666 industrios

208 730 310 773 navos
334 706 479 774 dicimus.
569 724 679 774 sucos
709 709 883 774 secrmdum
906 708 1050 774 Plinium
1079 729 1175 793 apum
1204 707 1307 771 multa
1336 710 1412 772 sunt
1441 727 1495 791 ge·

170 866 174 875 .
208 837 295 880 nera.
340 815 471 899 proprie
494 817 605 878 tamen
629 836 706 898 apes
729 819 885 880 vocantur
913 819 1004 880 ortae
1027 815 1067 879 de
1090 814 1209 898 bubus,
1237 812 1303 877 fuci
1327 812 1366 877 dc
1395 813 1495 898 cquis,

211 923 385 988 crabrones
416 921 455 986 de
478 920 589 1004 mulis,
618 943 733 1005 vespae
762 921 801 987 de
830 923 939 988 asinis.
984 921 1075 988 fucus
1104 925 1213 987 autem
1242 924 1292 985 est
1320 918 1495 984 secundum

211 1029 388 1094 Aemilium
411 1027 556 1093 Macrum
586 1028 710 1094 maior
738 1051 823 1113 ape,
852 1029 1039 1095 crabrone
1067 1028 1198 1093 minor.
1288 1045 1395 1094 Pscvs
1419 1027 1529 1093 dici-o

210 1159 281 1200 mus
305 1158 400 1201 omne
424 1135 509 1220 quod
532 1134 675 1200 humana
702 1135 815 1220 lingua
844 1139 877 1200 et
900 1136 1007 1221 effigie
1033 1138 1133 1219 caret,
1162 1135 1197 1200 id
1222 1140 1266 1200 est
1292 1156 1313 1199 a
1333 1137 1496 1218 pascendo.

201 1243 294 1308 unde
326 1243 484 1308 Horatius
517 1264 624 1306 omne
657 1264 738 1306 cum
770 1242 933 1308 Proteus
968 1264 1083 1325 pecus
1103 1241 1200 1325 ¹egit
1232 1241 1335 1306 altos
1367 1242 1495 1306 visere

211 1354 368 1414 montes.
414 1347 551 1413 Plautus
578 1348 767 1413 clurinum
789 1369 901 1432 pecus
928 1349 1056 1413 simiam
1084 1348 1172 1412 discit.
1262 1365 1507 1414 Pssnsnmnvs

211 1456 374 1521 alveariis.
419 1459 453 1520 et
476 1459 528 1519 est
551 1454 723 1520 translatio
729 1505 738 1538 ,
767 1476 850 1540 quae
879 1455 918 1519 fit
945 1453 1096 1540 quotiens
1125 1454 1178 1518 vel
1205 1453 1296 1521 deest
1323 1456 1495 1522 verborum

209 1563 407 1648 proprietas,
430 1562 481 1627 vel
505 1563 627 1628 vitatur
651 1562 791 1640 iteratio.
1515 1575 1548 1624 10

299 1670 374 1736 436.
411 1685 548 1734 manvus
573 1668 830 1752 concelebretur,
860 1667 1033 1733 utcontra
1062 1666 1192 1752 ‘friget'
1216 1671 1323 1762 cessat
1350 1667 1496 1754 dicimus,

211 1781 248 1841 ut
271 1776 441 1842 Terentius
463 1776 645 1841 nim-irum
668 1775 731 1840 hic
753 1767 929 1841 homins's
953 1775 1109 1860 frigent.
1143 1767 1149 1795 ¹
1195 1801 1349 1842 annornm
1369 1777 1496 1858 quidam

212 1886 291 1951 clare
322 1905 371 1950 res
402 1885 448 1950 vel
479 1885 582 1950 malm
608 1885 655 1948 vel
686 1870 796 1968 bonas,
826 1883 959 1948 redolere
990 1888 1111 1947 molum
1143 1882 1239 1947 bonus
1271 1884 1406 1948 madunt.
1433 1867 1435 1872 ¹

163 1989 168 1998 ’
213 2007 439 2056 FRAGRANTIA
463 1991 621 2075 quotiens¹
639 1991 823 2056 incendium
847 1990 1064 2076 significatur,
1088 1988 1173 2074 quod
1197 1971 1278 2054 flatu
1301 1989 1417 2075 alitur,
1439 2011 1497 2073 per

212 2097 247 2162 ‘l'
264 2098 413 2182 dicimus,
430 2098 579 2183 quotiens
599 2097 686 2182 odor,
703 2097 758 2182 qni
777 2097 882 2162 fracta
900 2098 1007 2181 specie
1026 2097 1128 2162 maior
1143 2099 1202 2182 est,
1216 2117 1275 2180 per
1289 2094 1328 2160 ‘r’
1349 2096 1495 2162 dicimus.
1516 2107 1548 2157 16

212 2205 377 2268 sciendum
406 2227 482 2269 sane
510 2203 594 2268 nihil
622 2203 656 2266 in
683 2203 745 2267 hac
773 2225 887 2268 vacare
916 2203 1158 2287 conparatione.
1208 2224 1285 2266 nam
1313 2201 1496 2268 Poenorum

212 2309 304 2394 operi
328 2333 424 2395 epum
448 2310 556 2393 labor,
584 2308 750 2374 custodiae
779 2298 913 2374 litorum
940 2311 1103 2375 adversm
1130 2310 1321 2392 ulicnipcucs
1349 2309 1496 2376 fucorum

213 2421 408 2502 conparetur
432 2417 588 2501 expulsio.
1282 2477 1287 2484 .

301 2525 376 2590 437.
414 2542 435 2590 0
461 2541 662 2590 ronrvusuu
685 2541 831 2600 ovcnvn
856 2503 923 2588 mu'
939 2541 1076 2591 nonum
1098 2541 1260 2590 svasvur
1280 2524 1362 2588 bene
1382 2522 1498 2589 ‘fortu-

213 2629 309 2710 nati',
334 2630 410 2716 quia
432 2630 498 2694 iem
522 2630 646 2695 faciunt
669 2631 753 2715 quod
777 2631 847 2715 ipse
870 2631 1041 2697 desiderat.
1130 2656 1332 2698 osoarrusrr
1351 2631 1498 2712 amasso
1515 2644 1550 2692 20

213 2739 337 2803 Ammae
358 2737 551 2804 deciderim
642 2763 762 2810 crorum
781 2763 837 2803 run
852 2765 967 2818 ‚nonum
989 2765 1128 2806 svaerur
1150 2738 1220 2804 laus
1242 2738 1288 2803 vel
1310 2737 1349 2802 ab
1372 2740 1443 2820 ipsa
1464 2759 1498 2802 re

213 2847 347 2912 sumitur
369 2865 447 2927 quae
470 2845 627 2910 bucata.
1509 2841 1511 2845 ’

301 2952 377 3019 438.
414 2969 577 3018 susumus
596 2973 682 3016 nunc
700 2952 808 3035 operis
827 2952 1048 3035 summitates,
1067 2951 1146 3016 alibi
1171 2951 1237 3016 ima
1260 2949 1439 3034 significat,
1462 2953 1499 3014 ut

218 3060 388 3125 forsitan
412 3061 450 3122 ct
474 3058 677 3124 scrobibus
702 3080 796 3143 quae
821 3059 902 3123 sint
929 3057 1096 3142 fastigia
1124 3079 1300 3142 quaeras.
1390 3073 1498 3122 SVSPI·

195 3151 275 3232 vclu
299 3167 452 3249 miratur,
474 3169 511 3229 ut
534 3185 551 3228 e
575 3165 737 3230 contrario
762 3162 929 3249 ‘despicit’
954 3149 1133 3230 contemnit
1155 3163 1326 3249 significat.
1518 3175 1551 3224 no

285 3437 301 3485 2
325 3429 476 3485 secuudum
500 3428 636 3499 Plinium]
660 3431 717 3482 nat.
737 3428 803 3483 hist.
823 3427 861 3483 XI
881 3433 929 3493 20,
949 3433 982 3482 70
1004 3430 1014 3497 11
1036 3435 1052 3481 3
1078 3429 1190 3498 proprie
1208 3429 1304 3482 tamen
1323 3467 1329 3480 .
1345 3468 1351 3480 .
1368 3468 1374 3481 .
1393 3427 1497 3498 minor]

216 3521 301 3558 exsor.
322 3500 385 3556 leid.
407 3501 476 3572 orig.
495 3501 548 3554 XII
566 3505 592 3565 8,
611 3506 627 3554 2
648 3503 677 3554 et
695 3507 710 3554 3
734 3503 745 3582 11
766 3506 886 3623 opscus
903 3498 1021 3554 dicimus
1042 3540 1091 3556 ...
1112 3499 1202 3569 carot]
1222 3515 1306 3554 exscr.
1322 3499 1401 3555 Luct.
1421 3497 1498 3552 Plsc.

217 3574 253 3628 ad
273 3573 344 3628 Stat.
363 3572 451 3626 Theb.
472 3575 483 3626 1
502 3577 553 3625 275
573 3575 603 3626 et
621 3571 685 3624 lsid.
705 3587 774 3640 orig.
823 3569 1135 3640 [insumeretur]
1156 3569 1498 3638 carm.12‚7]8Plau·

215 3645 274 3715 tus]
292 3650 362 3699 truc.
381 3643 408 3696 ΙΙ
427 3649 453 3710 2,
475 3650 506 3696 14
528 3644 538 3711 11
562 3648 594 3696 12
614 3641 771 3712 Terentius]
791 3657 853 3695 cun.
873 3642 898 3694 ll
918 3647 943 3708 2,
962 3645 994 3693 37
1018 3641 1178 3695 ‘nimirum
1198 3641 1325 3694 homines
1343 3641 1469 3708 frigent’.
1489 3641 1499 3709 ]]

215 3716 327 3784 quidam
428 3713 554 3784 tradunt]
579 3713 643 3767 leid.
668 3711 725 3767 diff.
749 3712 826 3766 verb.
851 3719 903 3767 406
925 3714 936 3780 ]
960 3718 992 3766 14
1016 3713 1144 3781 quotiens
1169 3753 1174 3765 .
1195 3754 1201 3766 .
1223 3754 1228 3766 .
1253 3710 1384 3782 dicimus]
1410 3727 1495 3765 exscr.

215 3787 279 3843 lsid.
299 3785 356 3843 diff.
375 3784 451 3840 verb.
471 3791 522 3839 286
545 3785 555 3854 1
576 3790 610 3838 24
629 3783 761 3854 forsitan]
780 3800 875 3854 georg.
895 3781 922 3836 ΙΙ
939 3787 992 3838 288

292 4033 400 4088 ludo.
416 4038 467 4086 435
482 4031 631 4102 Ignsuum]
646 4031 746 4086 inutile
761 4073 767 4086 .
784 4074 812 4087 ..
833 4031 867 4086 dc
881 4030 975 4087 asinis.
1004 4029 1105 4102 Pecus]
1121 4030 1260 4087 dicimus.
1277 4072 1283 4085 .
1299 4031 1498 4100 .apascendo.

218 4103 416 4174 Praesepibus]
436 4101 574 4158 slueariis.
597 4103 629 4158 P.
659 4121 693 4157 ec
710 4103 753 4156 bis
770 4119 857 4157 nanos
878 4144 928 4157 ...
949 4103 1101 4157 secundnm
1120 4109 1144 4156 st
1163 4103 1247 4156 mulis
1266 4145 1272 4158 .
1289 4143 1316 4159 ..
1337 4102 1426 4156 Pecus
1443 4119 1500 4158 noo

214 4178 296 4244 potui
314 4177 398 4244 leperc
419 4177 429 4243 11
452 4181 467 4227 2
488 4191 589 4244 gnaros
610 4173 643 4228 0³
660 4192 737 4242 supr.
756 4190 822 4228 vers.
848 4173 954 4244 gnauos
980 4175 990 4228 l
1011 4176 1021 4243 11
1043 4181 1059 4230 3
1084 4174 1173 4229 bobus
1196 4173 1254 4226 BL
1275 4175 1285 4242 11
1307 4180 1324 4226 4
1347 4174 1499 4228 secundum

217 4245 369 4300 Aemilium
396 4245 521 4299 Macrum
549 4262 599 4300 ons.
627 4246 655 4299 B
678 4247 687 4315 ΙΙ
711 4251 725 4299 7
755 4244 828 4300 unde
856 4262 907 4299 om.
934 4245 991 4300 ΒΟ
1011 4250 1021 4314 1
1043 4247 1176 4314 protheus
1203 4244 1347 4300 BLHO³
1368 4247 1378 4313 11
1403 4252 1433 4299 11
1463 4247 1501 4299 cd

214 4334 239 4371 c.
256 4323 308 4372 436
327 4317 441 4388 Ferret]
456 4316 613 4372 celebratur
632 4359 637 4371 .
701 4335 751 4387 per
765 4335 779 4370 r
792 4316 919 4371 dicimus.
942 4317 974 4370 P.
1014 4334 1047 4370 ex
1061 4318 1104 4370 bis
1118 4316 1221 4370 Feruet
1240 4358 1245 4370 .
1262 4358 1268 4370 .
1285 4359 1291 4370 .
1311 4320 1409 4370 contra
1422 4317 1501 4370 bodie

216 4394 386 4442 succurrunt
408 4390 418 4456 11
443 4394 475 4442 13
495 4388 570 4442 olere
591 4387 638 4443 0²:
658 4389 702 4442 ole
722 4387 766 4456 01
780 4388 868 4442 malas
889 4387 936 4441 0²:
956 4387 1046 4442 malus
1066 4388 1089 4442 0
1109 4390 1119 4456 1
1143 4395 1177 4441 14
1196 4406 1361 4441 insuasum
1381 4403 1501 4456 ...per

217 4477 231 4512 r
249 4459 368 4514 dicimus
387 4476 438 4514 om.
456 4459 484 4511 B
507 4459 517 4526 11
540 4478 705 4512 enisurum
725 4459 784 4512 CH
788 4459 816 4511 P
834 4462 844 4526 11
866 4458 963 4529 alitur]
988 4459 1033 4513 uel
1058 4476 1075 4512 a
1098 4459 1212 4512 flamme.
1229 4459 1293 4514 add.
1313 4459 1376 4511 LH
1393 4475 1426 4512 cac
1446 4459 1499 4512 Isi·

216 4532 283 4585 doro
301 4536 334 4584 ut
352 4531 460 4584 videtur
482 4531 492 4599 11
517 4535 548 4583 15
568 4529 636 4583 odor
654 4546 687 4582 ea
706 4529 774 4583 odos
794 4529 818 4581 0
837 4531 846 4598 11
869 4529 918 4597 qui
942 4547 975 4582 ec
998 4529 1065 4598 quid
1088 4531 1129 4584 cel
1148 4529 1214 4598 quia
1233 4529 1257 4583 Ο
1273 4529 1340 4598 quia
1358 4529 1384 4581 I.
1402 4534 1426 4582 et
1445 4530 1500 4582 Isi-

217 4604 302 4656 dorus
321 4603 382 4670 (qui
400 4603 420 4670 l)
443 4603 453 4669 1
477 4607 509 4656 19
534 4619 549 4654 o
573 4617 719 4654 sonrvrsrr
743 4599 881 4668 expressit
903 4602 1013 4654 Aeneae
1037 4600 1205 4654 desiderium
1229 4602 1282 4655 hoc
1306 4599 1420 4668 estqui
1442 4599 1501 4654 ism

186 4723 188 4726 .
218 4671 328 4755 fuciunt
347 4717 352 4728 .
369 4716 397 4730 ..
417 4672 567 4755 desiderat.
604 4689 712 4752 ovorum
732 4714 737 4726 .
754 4713 760 4725 .
777 4713 782 4723 .
802 4669 934 4724 landatur
954 4671 977 4726 0
997 4673 1006 4740 11
1029 4673 1125 4753 28αά
1147 4689 1170 4726 r.
1190 4677 1242 4726 438
1266 4671 1403 4741 Postigia]
1427 4687 1501 4724 nunc

218 4742 728 4885 dilimlldmtbltg‘nmidlttl
751 4741 956 4882 88111ἐῖ8
976 4741 1501 4882 ceremur.le..lssrdl

218 4886 326 4957 suspice
345 4886 460 4957 rnpcm’
482 4887 511 4939 1)
