<?xml version="1.0" encoding="UTF-8"?>
<!DOCTYPE html PUBLIC "-//W3C//DTD XHTML 1.0 Transitional//EN"
    "http://www.w3.org/TR/xhtml1/DTD/xhtml1-transitional.dtd">
<html xmlns="http://www.w3.org/1999/xhtml" xml:lang="en" lang="en">
 <head>
  <title>
</title>
<meta http-equiv="Content-Type" content="text/html;charset=utf-8" />
  <meta name='ocr-system' content='tesseract 3.04.00' />
  <meta name='ocr-capabilities' content='ocr_page ocr_carea ocr_par ocr_line ocrx_word'/>
</head>
<body>
  <div class='ocr_page' id='page_1' title='image "./serviigrammatic03thilgoog_0270.png"; bbox 0 0 3636 5550; ppageno 0'>
   <div class='ocr_carea' id='block_1_1' title="bbox 544 469 1498 539">
    <p class='ocr_par' dir='ltr' id='par_1_1' title="bbox 544 469 1498 539">
     <span class='ocr_line' id='line_1_1' title="bbox 544 469 1498 539; baseline 0.012 -13"><span class='ocrx_word' id='word_1_1' title='bbox 544 469 658 527; x_wconf 78' lang='lat' dir='ltr'><strong>conon.</strong></span> <span class='ocrx_word' id='word_1_2' title='bbox 677 470 716 526; x_wconf 79' lang='grc' dir='ltr'><strong>ΙΝ</strong></span> <span class='ocrx_word' id='word_1_3' title='bbox 735 471 843 530; x_wconf 76' lang='lat' dir='ltr'><strong>unna.</strong></span> <span class='ocrx_word' id='word_1_4' title='bbox 862 471 947 528; x_wconf 75' lang='lat' dir='ltr'><strong>Anu.</strong></span> <span class='ocrx_word' id='word_1_5' title='bbox 966 473 999 530; x_wconf 88' lang='lat'><strong>11.</strong></span> <span class='ocrx_word' id='word_1_6' title='bbox 1019 479 1169 530; x_wconf 76' lang='lat' dir='ltr'><strong>ees-eea.</strong></span> <span class='ocrx_word' id='word_1_7' title='bbox 1433 473 1498 539; x_wconf 82' lang='lat'><strong>259</strong></span> 
     </span>
    </p>
   </div>
   <div class='ocr_carea' id='block_1_2' title="bbox 190 632 1552 3923">
    <p class='ocr_par' dir='ltr' id='par_1_2' title="bbox 190 632 1499 828">
     <span class='ocr_line' id='line_1_2' title="bbox 220 632 1499 721; baseline 0.005 -24"><span class='ocrx_word' id='word_1_8' title='bbox 220 657 301 698; x_wconf 75' lang='lat' dir='ltr'><strong>cunr</strong></span> <span class='ocrx_word' id='word_1_9' title='bbox 315 653 376 714; x_wconf 90' lang='lat' dir='ltr'><strong>pro</strong></span> <span class='ocrx_word' id='word_1_10' title='bbox 399 635 610 718; x_wconf 73' lang='lat' dir='ltr'><strong>acanpuntur.</strong></span> <span class='ocrx_word' id='word_1_11' title='bbox 655 632 845 702; x_wconf 74' lang='lat' dir='ltr'><strong><em>*Terentius</em></strong></span> <span class='ocrx_word' id='word_1_12' title='bbox 866 636 1054 702; x_wconf 80' lang='lat' dir='ltr'><strong><em>Phormione</em></strong></span> <span class='ocrx_word' id='word_1_13' title='bbox 1075 639 1301 721; x_wconf 68' lang='lat' dir='ltr'><strong>coetuque*</strong></span> <span class='ocrx_word' id='word_1_14' title='bbox 1378 656 1499 704; x_wconf 76' lang='lat' dir='ltr'><strong>ncom-</strong></span> 
     </span>
     <span class='ocr_line' id='line_1_3' title="bbox 190 743 903 828; baseline 0.011 -27"><span class='ocrx_word' id='word_1_15' title='bbox 190 755 313 816; x_wconf 63' lang='lat' dir='ltr'><strong>‚ovnu</strong></span> <span class='ocrx_word' id='word_1_16' title='bbox 338 758 443 806; x_wconf 83' lang='lat' dir='ltr'><strong>0an</strong></span> <span class='ocrx_word' id='word_1_17' title='bbox 467 745 664 826; x_wconf 82' lang='lat' dir='ltr'><strong>praeparant</strong></span> <span class='ocrx_word' id='word_1_18' title='bbox 687 763 721 807; x_wconf 85' lang='lat' dir='ltr'><strong>se</strong></span> <span class='ocrx_word' id='word_1_19' title='bbox 748 743 789 808; x_wconf 88' lang='lat' dir='ltr'><strong>ad</strong></span> <span class='ocrx_word' id='word_1_20' title='bbox 813 765 903 828; x_wconf 87' lang='lat' dir='ltr'><strong>opus.</strong></span> 
     </span>
    </p>

    <p class='ocr_par' dir='ltr' id='par_1_3' title="bbox 216 847 1534 1234">
     <span class='ocr_line' id='line_1_4' title="bbox 308 847 1498 937; baseline 0.006 -27"><span class='ocrx_word' id='word_1_21' title='bbox 308 847 383 912; x_wconf 81' lang='grc'><strong>237.</strong></span> <span class='ocrx_word' id='word_1_22' title='bbox 424 865 631 914; x_wconf 71' lang='lat' dir='ltr'><strong>tunnauvun</strong></span> <span class='ocrx_word' id='word_1_23' title='bbox 661 850 782 934; x_wconf 75' lang='lat' dir='ltr'><strong>ligant,</strong></span> <span class='ocrx_word' id='word_1_24' title='bbox 811 854 849 916; x_wconf 91' lang='lat' dir='ltr'><strong>ut</strong></span> <span class='ocrx_word' id='word_1_25' title='bbox 879 849 947 934; x_wconf 86' lang='lat' dir='ltr'><strong>&lt;lv</strong></span> <span class='ocrx_word' id='word_1_26' title='bbox 978 851 1065 934; x_wconf 83' lang='lat'>506&gt;</span> <span class='ocrx_word' id='word_1_27' title='bbox 1095 851 1344 937; x_wconf 76' lang='lat' dir='ltr'><strong>intenditque</strong></span> <span class='ocrx_word' id='word_1_28' title='bbox 1371 853 1498 918; x_wconf 90' lang='lat' dir='ltr'><strong>locum</strong></span> 
     </span>
     <span class='ocr_line' id='line_1_5' title="bbox 217 951 1500 1042; baseline 0.006 -26"><span class='ocrx_word' id='word_1_29' title='bbox 217 951 347 1016; x_wconf 87' lang='lat' dir='ltr'><strong>sertis.</strong></span> <span class='ocrx_word' id='word_1_30' title='bbox 442 971 593 1020; x_wconf 76' lang='lat' dir='ltr'><strong>sannam</strong></span> <span class='ocrx_word' id='word_1_31' title='bbox 627 956 828 1021; x_wconf 72' lang='lat' dir='ltr'><strong>transcendit</strong></span> <span class='ocrx_word' id='word_1_32' title='bbox 860 956 994 1040; x_wconf 86' lang='lat' dir='ltr'><strong>propria</strong></span> <span class='ocrx_word' id='word_1_33' title='bbox 1027 957 1259 1042; x_wconf 80' lang='lat' dir='ltr'><strong>magnitudine.</strong></span> <span class='ocrx_word' id='word_1_34' title='bbox 1305 960 1351 1024; x_wconf 88' lang='lat' dir='ltr'><strong>vel</strong></span> <span class='ocrx_word' id='word_1_35' title='bbox 1372 964 1500 1042; x_wconf 79' lang='lat' dir='ltr'><strong>propter</strong></span> 
     </span>
     <span class='ocr_line' id='line_1_6' title="bbox 216 1062 1534 1145; baseline 0.003 -21"><span class='ocrx_word' id='word_1_36' title='bbox 216 1079 367 1145; x_wconf 59' lang='lat' dir='ltr'><strong>manen,</strong></span> <span class='ocrx_word' id='word_1_37' title='bbox 394 1081 483 1143; x_wconf 76' lang='lat' dir='ltr'><strong>quem</strong></span> <span class='ocrx_word' id='word_1_38' title='bbox 510 1062 607 1126; x_wconf 80' lang='lat' dir='ltr'><strong>ruina</strong></span> <span class='ocrx_word' id='word_1_39' title='bbox 631 1062 745 1142; x_wconf 80' lang='lat' dir='ltr'><strong>feoerat</strong></span> <span class='ocrx_word' id='word_1_40' title='bbox 773 1064 867 1128; x_wconf 87' lang='lat' dir='ltr'><strong>muri.</strong></span> <span class='ocrx_word' id='word_1_41' title='bbox 956 1081 1106 1130; x_wconf 74' lang='lat' dir='ltr'><strong>nannum</strong></span> <span class='ocrx_word' id='word_1_42' title='bbox 1135 1065 1311 1130; x_wconf 87' lang='lat' dir='ltr'><strong>mortifera.</strong></span> <span class='ocrx_word' id='word_1_43' title='bbox 1403 1081 1534 1132; x_wconf 68' lang='lat' dir='ltr'><strong>niuoso</strong></span> 
     </span>
     <span class='ocr_line' id='line_1_7' title="bbox 216 1167 717 1234; baseline 0.01 -5"><span class='ocrx_word' id='word_1_44' title='bbox 216 1167 328 1232; x_wconf 76' lang='lat' dir='ltr'><strong>ncinas</strong></span> <span class='ocrx_word' id='word_1_45' title='bbox 350 1187 510 1232; x_wconf 71' lang='lat' dir='ltr'><strong>muranum</strong></span> <span class='ocrx_word' id='word_1_46' title='bbox 533 1169 717 1234; x_wconf 75' lang='lat' dir='ltr'><strong>dirutanum.</strong></span> 
     </span>
    </p>

    <p class='ocr_par' dir='ltr' id='par_1_4' title="bbox 217 1274 1499 1468">
     <span class='ocr_line' id='line_1_8' title="bbox 308 1274 1499 1362; baseline 0.003 -24"><span class='ocrx_word' id='word_1_47' title='bbox 308 1274 383 1340; x_wconf 86' lang='lat'><strong>238.</strong></span> <span class='ocrx_word' id='word_1_48' title='bbox 420 1299 495 1340; x_wconf 73' lang='lat' dir='ltr'><strong>enen</strong></span> <span class='ocrx_word' id='word_1_49' title='bbox 517 1295 602 1340; x_wconf 86' lang='lat' dir='ltr'><strong>nane</strong></span> <span class='ocrx_word' id='word_1_50' title='bbox 617 1276 727 1361; x_wconf 85' lang='lat' dir='ltr'><strong>plena,</strong></span> <span class='ocrx_word' id='word_1_51' title='bbox 749 1281 785 1342; x_wconf 85' lang='lat' dir='ltr'><strong>ut</strong></span> <span class='ocrx_word' id='word_1_52' title='bbox 807 1277 842 1341; x_wconf 85' lang='lat' dir='ltr'><strong>in</strong></span> <span class='ocrx_word' id='word_1_53' title='bbox 871 1277 1013 1342; x_wconf 79' lang='lat' dir='ltr'><strong>bucolicis</strong></span> <span class='ocrx_word' id='word_1_54' title='bbox 1035 1275 1156 1361; x_wconf 85' lang='lat'>&lt;149&gt;</span> <span class='ocrx_word' id='word_1_55' title='bbox 1180 1279 1499 1362; x_wconf 83' lang='lat' dir='ltr'><strong>temptabuntpa-</strong></span> 
     </span>
     <span class='ocr_line' id='line_1_9' title="bbox 217 1379 1499 1468; baseline 0.006 -26"><span class='ocrx_word' id='word_1_56' title='bbox 217 1379 303 1444; x_wconf 80' lang='lat' dir='ltr'><strong>bula</strong></span> <span class='ocrx_word' id='word_1_57' title='bbox 318 1381 430 1463; x_wconf 81' lang='lat' dir='ltr'><strong>setas,</strong></span> <span class='ocrx_word' id='word_1_58' title='bbox 447 1380 531 1446; x_wconf 78' lang='lat' dir='ltr'><strong>aleas</strong></span> <span class='ocrx_word' id='word_1_59' title='bbox 547 1383 642 1446; x_wconf 75' lang='lat' dir='ltr'><strong>eniam</strong></span> <span class='ocrx_word' id='word_1_60' title='bbox 659 1383 738 1467; x_wconf 72' lang='lat' dir='ltr'><strong>mm,</strong></span> <span class='ocrx_word' id='word_1_61' title='bbox 756 1387 792 1448; x_wconf 90' lang='lat' dir='ltr'><strong>ut</strong></span> <span class='ocrx_word' id='word_1_62' title='bbox 808 1381 912 1465; x_wconf 87' lang='lat' dir='ltr'>&lt;VIII</span> <span class='ocrx_word' id='word_1_63' title='bbox 931 1383 1017 1468; x_wconf 82' lang='lat'>630&gt;</span> <span class='ocrx_word' id='word_1_64' title='bbox 1033 1383 1173 1463; x_wconf 81' lang='lat' dir='ltr'><strong>fecerat</strong></span> <span class='ocrx_word' id='word_1_65' title='bbox 1189 1391 1223 1451; x_wconf 87' lang='lat' dir='ltr'><strong>et</strong></span> <span class='ocrx_word' id='word_1_66' title='bbox 1239 1386 1359 1450; x_wconf 84' lang='lat' dir='ltr'><strong>uiridi</strong></span> <span class='ocrx_word' id='word_1_67' title='bbox 1374 1385 1499 1467; x_wconf 82' lang='lat' dir='ltr'><strong>setam.</strong></span> 
     </span>
    </p>

    <p class='ocr_par' dir='ltr' id='par_1_5' title="bbox 305 1489 1499 1576">
     <span class='ocr_line' id='line_1_10' title="bbox 305 1489 1499 1576; baseline 0.003 -24"><span class='ocrx_word' id='word_1_68' title='bbox 305 1512 398 1554; x_wconf 74' lang='lat' dir='ltr'><strong>eunuc</strong></span> <span class='ocrx_word' id='word_1_69' title='bbox 408 1513 518 1554; x_wconf 73' lang='lat' dir='ltr'><strong>aeacum</strong></span> <span class='ocrx_word' id='word_1_70' title='bbox 529 1513 695 1561; x_wconf 74' lang='lat' dir='ltr'><strong>munemne</strong></span> <span class='ocrx_word' id='word_1_71' title='bbox 701 1515 737 1556; x_wconf 81' lang='lat' dir='ltr'><strong>un</strong></span> <span class='ocrx_word' id='word_1_72' title='bbox 749 1515 885 1556; x_wconf 74' lang='lat' dir='ltr'><strong>eunicae</strong></span> <span class='ocrx_word' id='word_1_73' title='bbox 902 1510 985 1554; x_wconf 86' lang='lat' dir='ltr'><strong>more</strong></span> <span class='ocrx_word' id='word_1_74' title='bbox 998 1489 1150 1576; x_wconf 73' lang='lat' dir='ltr'><strong>Rotnano,</strong></span> <span class='ocrx_word' id='word_1_75' title='bbox 1160 1493 1295 1574; x_wconf 64' lang='lat' dir='ltr'><strong>patrimi</strong></span> <span class='ocrx_word' id='word_1_76' title='bbox 1307 1497 1338 1556; x_wconf 85' lang='lat' dir='ltr'><strong>et</strong></span> <span class='ocrx_word' id='word_1_77' title='bbox 1349 1493 1499 1558; x_wconf 77' lang='lat' dir='ltr'><strong>matrimi.</strong></span> 
     </span>
    </p>

    <p class='ocr_par' dir='ltr' id='par_1_6' title="bbox 218 1594 1552 1788">
     <span class='ocr_line' id='line_1_11' title="bbox 306 1594 1552 1682; baseline 0.003 -24"><span class='ocrx_word' id='word_1_78' title='bbox 306 1594 381 1658; x_wconf 84' lang='grc'><strong>239,</strong></span> <span class='ocrx_word' id='word_1_79' title='bbox 422 1611 531 1660; x_wconf 73' lang='lat' dir='ltr'><strong>suani</strong></span> <span class='ocrx_word' id='word_1_80' title='bbox 562 1613 702 1661; x_wconf 76' lang='lat' dir='ltr'><strong>onnvnu</strong></span> <span class='ocrx_word' id='word_1_81' title='bbox 733 1597 873 1681; x_wconf 81' lang='lat' dir='ltr'><strong>hymnos</strong></span> <span class='ocrx_word' id='word_1_82' title='bbox 904 1597 1025 1663; x_wconf 88' lang='lat' dir='ltr'><strong>dicunt.</strong></span> <span class='ocrx_word' id='word_1_83' title='bbox 1126 1625 1266 1666; x_wconf 66' lang='lat' dir='ltr'><strong>caunum</strong></span> <span class='ocrx_word' id='word_1_84' title='bbox 1292 1602 1420 1682; x_wconf 79' lang='lat' dir='ltr'><strong>quidam</strong></span> <span class='ocrx_word' id='word_1_85' title='bbox 1450 1600 1499 1664; x_wconf 81' lang='lat' dir='ltr'><strong>tie</strong></span> <span class='ocrx_word' id='word_1_86' title='bbox 1520 1615 1552 1662; x_wconf 78' lang='lat' dir='ltr'><strong>io</strong></span> 
     </span>
     <span class='ocr_line' id='line_1_12' title="bbox 218 1698 1476 1788; baseline 0.005 -24"><span class='ocrx_word' id='word_1_87' title='bbox 218 1698 384 1782; x_wconf 77' lang='lat' dir='ltr'><strong>‘pandent&#39;</strong></span> <span class='ocrx_word' id='word_1_88' title='bbox 400 1723 463 1783; x_wconf 83' lang='lat' dir='ltr'><strong>pro</strong></span> <span class='ocrx_word' id='word_1_89' title='bbox 485 1707 593 1785; x_wconf 67' lang='lat' dir='ltr'><strong>eptam</strong></span> <span class='ocrx_word' id='word_1_90' title='bbox 614 1703 806 1788; x_wconf 78' lang='lat' dir='ltr'><strong>intettcpuut,</strong></span> <span class='ocrx_word' id='word_1_91' title='bbox 828 1709 865 1769; x_wconf 90' lang='lat' dir='ltr'><strong>ut</strong></span> <span class='ocrx_word' id='word_1_92' title='bbox 880 1705 1007 1769; x_wconf 88' lang='lat' dir='ltr'><strong>ueniat</strong></span> <span class='ocrx_word' id='word_1_93' title='bbox 1028 1725 1095 1787; x_wconf 80' lang='lat' dir='ltr'><strong>quo</strong></span> <span class='ocrx_word' id='word_1_94' title='bbox 1121 1708 1152 1769; x_wconf 88' lang='lat' dir='ltr'><strong>te</strong></span> <span class='ocrx_word' id='word_1_95' title='bbox 1173 1725 1312 1787; x_wconf 80' lang='lat' dir='ltr'><strong>quoque</strong></span> <span class='ocrx_word' id='word_1_96' title='bbox 1330 1707 1476 1788; x_wconf 82' lang='lat' dir='ltr'><strong>pandet.</strong></span> 
     </span>
    </p>

    <p class='ocr_par' dir='ltr' id='par_1_7' title="bbox 217 1807 1499 1996">
     <span class='ocr_line' id='line_1_13' title="bbox 306 1807 1499 1896; baseline 0.005 -26"><span class='ocrx_word' id='word_1_97' title='bbox 306 1807 380 1896; x_wconf 81' lang='grc'><strong>240.</strong></span> <span class='ocrx_word' id='word_1_98' title='bbox 416 1825 547 1874; x_wconf 74' lang='lat' dir='ltr'><strong>nunnus</strong></span> <span class='ocrx_word' id='word_1_99' title='bbox 570 1808 624 1874; x_wconf 80' lang='lat' dir='ltr'><strong>vel</strong></span> <span class='ocrx_word' id='word_1_100' title='bbox 647 1810 806 1894; x_wconf 87' lang='lat' dir='ltr'><strong>eminens,</strong></span> <span class='ocrx_word' id='word_1_101' title='bbox 834 1814 870 1875; x_wconf 87' lang='lat' dir='ltr'><strong>ut</strong></span> <span class='ocrx_word' id='word_1_102' title='bbox 893 1809 962 1892; x_wconf 85' lang='lat' dir='ltr'><strong>&lt;IV</strong></span> <span class='ocrx_word' id='word_1_103' title='bbox 986 1811 1050 1894; x_wconf 87' lang='lat'><strong>88&gt;</strong></span> <span class='ocrx_word' id='word_1_104' title='bbox 1073 1810 1276 1895; x_wconf 88' lang='lat' dir='ltr'><strong>minaeque</strong></span> <span class='ocrx_word' id='word_1_105' title='bbox 1304 1834 1499 1879; x_wconf 87' lang='lat' dir='ltr'><strong>murorum</strong></span> 
     </span>
     <span class='ocr_line' id='line_1_14' title="bbox 217 1914 664 1996; baseline 0.007 -19"><span class='ocrx_word' id='word_1_106' title='bbox 217 1914 401 1996; x_wconf 82' lang='lat' dir='ltr'><strong>inpentes,·</strong></span> <span class='ocrx_word' id='word_1_107' title='bbox 424 1915 477 1979; x_wconf 81' lang='lat' dir='ltr'><strong>vel</strong></span> <span class='ocrx_word' id='word_1_108' title='bbox 500 1915 664 1980; x_wconf 88' lang='lat' dir='ltr'><strong>minitans.</strong></span> 
     </span>
    </p>

    <p class='ocr_par' dir='ltr' id='par_1_8' title="bbox 215 2023 1551 2851">
     <span class='ocr_line' id='line_1_15' title="bbox 305 2023 1499 2112; baseline 0.005 -26"><span class='ocrx_word' id='word_1_109' title='bbox 305 2023 380 2086; x_wconf 88' lang='grc'><strong>241.</strong></span> <span class='ocrx_word' id='word_1_110' title='bbox 417 2039 591 2088; x_wconf 73' lang='lat' dir='ltr'><strong>Oenunta</strong></span> <span class='ocrx_word' id='word_1_111' title='bbox 612 2045 725 2089; x_wconf 79' lang='lat' dir='ltr'><strong>versus</strong></span> <span class='ocrx_word' id='word_1_112' title='bbox 748 2023 927 2090; x_wconf 84' lang='lat' dir='ltr'><strong>Ennianus.</strong></span> <span class='ocrx_word' id='word_1_113' title='bbox 965 2046 1043 2089; x_wconf 88' lang='lat' dir='ltr'><strong>saue</strong></span> <span class='ocrx_word' id='word_1_114' title='bbox 1067 2025 1261 2091; x_wconf 77' lang='lat' dir='ltr'><strong>exclamatio</strong></span> <span class='ocrx_word' id='word_1_115' title='bbox 1286 2049 1324 2092; x_wconf 90' lang='lat' dir='ltr'><strong>eo</strong></span> <span class='ocrx_word' id='word_1_116' title='bbox 1347 2027 1499 2112; x_wconf 82' lang='lat' dir='ltr'><strong>pertinet,</strong></span> 
     </span>
     <span class='ocr_line' id='line_1_16' title="bbox 218 2127 1551 2220; baseline 0.002 -27"><span class='ocrx_word' id='word_1_117' title='bbox 218 2127 304 2212; x_wconf 88' lang='lat' dir='ltr'><strong>quod</strong></span> <span class='ocrx_word' id='word_1_118' title='bbox 335 2133 430 2194; x_wconf 87' lang='lat' dir='ltr'><strong>tauta</strong></span> <span class='ocrx_word' id='word_1_119' title='bbox 461 2129 569 2194; x_wconf 85' lang='lat' dir='ltr'><strong>iuerat</strong></span> <span class='ocrx_word' id='word_1_120' title='bbox 600 2130 650 2194; x_wconf 80' lang='lat' dir='ltr'><strong>vis</strong></span> <span class='ocrx_word' id='word_1_121' title='bbox 681 2130 933 2195; x_wconf 88' lang='lat' dir='ltr'><strong>consecrationis</strong></span> <span class='ocrx_word' id='word_1_122' title='bbox 961 2131 997 2194; x_wconf 85' lang='lat' dir='ltr'><strong>in</strong></span> <span class='ocrx_word' id='word_1_123' title='bbox 1021 2136 1117 2215; x_wconf 86' lang='lat' dir='ltr'><strong>porta</strong></span> <span class='ocrx_word' id='word_1_124' title='bbox 1145 2131 1300 2211; x_wconf 83' lang='lat' dir='ltr'><strong>Troiana,</strong></span> <span class='ocrx_word' id='word_1_125' title='bbox 1332 2137 1370 2197; x_wconf 90' lang='lat' dir='ltr'><strong>ut</strong></span> <span class='ocrx_word' id='word_1_126' title='bbox 1399 2134 1498 2220; x_wconf 81' lang='lat' dir='ltr'><strong>etiam</strong></span> <span class='ocrx_word' id='word_1_127' title='bbox 1518 2147 1551 2196; x_wconf 83' lang='lat' dir='ltr'><strong>1o</strong></span> 
     </span>
     <span class='ocr_line' id='line_1_17' title="bbox 218 2234 1498 2322; baseline 0.003 -23"><span class='ocrx_word' id='word_1_128' title='bbox 218 2239 294 2318; x_wconf 87' lang='lat' dir='ltr'><strong>post</strong></span> <span class='ocrx_word' id='word_1_129' title='bbox 311 2234 572 2319; x_wconf 71' lang='lat' dir='ltr'><strong>profanationem</strong></span> <span class='ocrx_word' id='word_1_130' title='bbox 591 2236 632 2300; x_wconf 89' lang='lat' dir='ltr'><strong>ab</strong></span> <span class='ocrx_word' id='word_1_131' title='bbox 652 2237 801 2322; x_wconf 82' lang='lat' dir='ltr'><strong>ingressu</strong></span> <span class='ocrx_word' id='word_1_132' title='bbox 819 2237 931 2302; x_wconf 87' lang='lat' dir='ltr'><strong>hostes</strong></span> <span class='ocrx_word' id='word_1_133' title='bbox 956 2241 1089 2303; x_wconf 80' lang='lat' dir='ltr'><strong>vetaret</strong></span> <span class='ocrx_word' id='word_1_134' title='bbox 1118 2259 1195 2303; x_wconf 84' lang='lat' dir='ltr'><strong>nam</strong></span> <span class='ocrx_word' id='word_1_135' title='bbox 1214 2239 1363 2304; x_wconf 82' lang='lat' dir='ltr'><strong>novimus</strong></span> <span class='ocrx_word' id='word_1_136' title='bbox 1381 2240 1498 2322; x_wconf 75' lang='lat' dir='ltr'><strong>intepro</strong></span> 
     </span>
     <span class='ocr_line' id='line_1_18' title="bbox 217 2340 1498 2429; baseline 0.002 -21"><span class='ocrx_word' id='word_1_137' title='bbox 217 2341 365 2425; x_wconf 88' lang='lat' dir='ltr'><strong>sepulcro</strong></span> <span class='ocrx_word' id='word_1_138' title='bbox 385 2340 628 2426; x_wconf 58' lang='lat' dir='ltr'><strong>Laomedontia</strong></span> <span class='ocrx_word' id='word_1_139' title='bbox 648 2343 733 2427; x_wconf 90' lang='lat' dir='ltr'><strong>quod</strong></span> <span class='ocrx_word' id='word_1_140' title='bbox 753 2365 849 2427; x_wconf 85' lang='lat' dir='ltr'><strong>super</strong></span> <span class='ocrx_word' id='word_1_141' title='bbox 867 2346 996 2428; x_wconf 84' lang='lat' dir='ltr'><strong>portam</strong></span> <span class='ocrx_word' id='word_1_142' title='bbox 1015 2342 1149 2410; x_wconf 84' lang='lat' dir='ltr'><strong>Scaeam</strong></span> <span class='ocrx_word' id='word_1_143' title='bbox 1168 2343 1287 2429; x_wconf 77' lang='lat' dir='ltr'><strong>fluerat,</strong></span> <span class='ocrx_word' id='word_1_144' title='bbox 1305 2349 1379 2410; x_wconf 88' lang='lat' dir='ltr'><strong>tuta</strong></span> <span class='ocrx_word' id='word_1_145' title='bbox 1397 2346 1498 2412; x_wconf 87' lang='lat' dir='ltr'><strong>fuisse</strong></span> 
     </span>
     <span class='ocr_line' id='line_1_19' title="bbox 218 2449 1498 2536; baseline 0.005 -24"><span class='ocrx_word' id='word_1_146' title='bbox 218 2450 286 2513; x_wconf 86' lang='lat' dir='ltr'><strong>fata</strong></span> <span class='ocrx_word' id='word_1_147' title='bbox 308 2449 459 2516; x_wconf 79' lang='lat' dir='ltr'><strong>Troiana.</strong></span> <span class='ocrx_word' id='word_1_148' title='bbox 527 2475 626 2515; x_wconf 74' lang='lat' dir='ltr'><strong>maun</strong></span> <span class='ocrx_word' id='word_1_149' title='bbox 645 2475 747 2516; x_wconf 80' lang='lat' dir='ltr'><strong>nonus</strong></span> <span class='ocrx_word' id='word_1_150' title='bbox 767 2450 813 2516; x_wconf 84' lang='lat' dir='ltr'><strong>ael</strong></span> <span class='ocrx_word' id='word_1_151' title='bbox 834 2452 916 2532; x_wconf 82' lang='lat' dir='ltr'><strong>quod</strong></span> <span class='ocrx_word' id='word_1_152' title='bbox 937 2453 1003 2516; x_wconf 73' lang='lat' dir='ltr'><strong>eiius</strong></span> <span class='ocrx_word' id='word_1_153' title='bbox 1025 2472 1130 2516; x_wconf 77' lang='lat' dir='ltr'><strong>munos</strong></span> <span class='ocrx_word' id='word_1_154' title='bbox 1151 2451 1265 2533; x_wconf 79' lang='lat' dir='ltr'><strong>Apollo</strong></span> <span class='ocrx_word' id='word_1_155' title='bbox 1287 2457 1316 2516; x_wconf 90' lang='lat' dir='ltr'><strong>et</strong></span> <span class='ocrx_word' id='word_1_156' title='bbox 1333 2453 1498 2536; x_wconf 77' lang='lat' dir='ltr'><strong>Neptunus</strong></span> 
     </span>
     <span class='ocr_line' id='line_1_20' title="bbox 215 2554 1499 2641; baseline 0.004 -22"><span class='ocrx_word' id='word_1_157' title='bbox 215 2554 455 2635; x_wconf 70' lang='lat' dir='ltr'><strong>fatn&#39;caouunt</strong></span> <span class='ocrx_word' id='word_1_158' title='bbox 478 2556 532 2620; x_wconf 77' lang='lat' dir='ltr'><strong>au</strong></span> <span class='ocrx_word' id='word_1_159' title='bbox 554 2557 648 2620; x_wconf 71' lang='lat' dir='ltr'><strong>etam</strong></span> <span class='ocrx_word' id='word_1_160' title='bbox 669 2557 818 2622; x_wconf 76' lang='lat' dir='ltr'><strong>Minerua</strong></span> <span class='ocrx_word' id='word_1_161' title='bbox 834 2577 894 2639; x_wconf 88' lang='lat' dir='ltr'><strong>per</strong></span> <span class='ocrx_word' id='word_1_162' title='bbox 916 2556 1099 2622; x_wconf 85' lang='lat' dir='ltr'><strong>Palladiam</strong></span> <span class='ocrx_word' id='word_1_163' title='bbox 1121 2557 1204 2622; x_wconf 79' lang='lat' dir='ltr'><strong>uultu</strong></span> <span class='ocrx_word' id='word_1_164' title='bbox 1226 2561 1286 2622; x_wconf 86' lang='lat' dir='ltr'><strong>cst:</strong></span> <span class='ocrx_word' id='word_1_165' title='bbox 1309 2559 1355 2622; x_wconf 87' lang='lat' dir='ltr'><strong>uel</strong></span> <span class='ocrx_word' id='word_1_166' title='bbox 1374 2565 1499 2641; x_wconf 69' lang='lat' dir='ltr'><strong>propotu</strong></span> 
     </span>
     <span class='ocr_line' id='line_1_21' title="bbox 218 2660 1551 2749; baseline 0.002 -25"><span class='ocrx_word' id='word_1_167' title='bbox 218 2660 439 2746; x_wconf 76' lang='lat' dir='ltr'><strong>Gauyuzcdenu,</strong></span> <span class='ocrx_word' id='word_1_168' title='bbox 459 2661 663 2747; x_wconf 83' lang='lat' dir='ltr'><strong>Dardanum,</strong></span> <span class='ocrx_word' id='word_1_169' title='bbox 683 2663 859 2728; x_wconf 75' lang='lat' dir='ltr'><strong>Tithonum.</strong></span> <span class='ocrx_word' id='word_1_170' title='bbox 927 2680 1073 2728; x_wconf 71' lang='lat' dir='ltr'><strong>nucum</strong></span> <span class='ocrx_word' id='word_1_171' title='bbox 1094 2679 1212 2728; x_wconf 82' lang='lat' dir='ltr'><strong>annno</strong></span> <span class='ocrx_word' id='word_1_172' title='bbox 1236 2664 1313 2749; x_wconf 90' lang='lat' dir='ltr'><strong>quia</strong></span> <span class='ocrx_word' id='word_1_173' title='bbox 1332 2665 1498 2748; x_wconf 84' lang='lat' dir='ltr'><strong>superavit</strong></span> <span class='ocrx_word' id='word_1_174' title='bbox 1517 2681 1551 2730; x_wconf 75' lang='lat' dir='ltr'><strong>no</strong></span> 
     </span>
     <span class='ocr_line' id='line_1_22' title="bbox 216 2766 494 2851; baseline 0.007 -21"><span class='ocrx_word' id='word_1_175' title='bbox 216 2766 356 2851; x_wconf 82' lang='lat' dir='ltr'><strong>Mysiam</strong></span> <span class='ocrx_word' id='word_1_176' title='bbox 380 2772 494 2834; x_wconf 87' lang='lat' dir='ltr'><strong>totam.</strong></span> 
     </span>
    </p>

    <p class='ocr_par' dir='ltr' id='par_1_9' title="bbox 215 2875 1549 3280">
     <span class='ocr_line' id='line_1_23' title="bbox 305 2875 1499 2960; baseline 0.002 -21"><span class='ocrx_word' id='word_1_177' title='bbox 305 2876 379 2940; x_wconf 85' lang='grc'><strong>242.</strong></span> <span class='ocrx_word' id='word_1_178' title='bbox 417 2893 558 2954; x_wconf 72' lang='lat' dir='ltr'><strong>Qvnunn</strong></span> <span class='ocrx_word' id='word_1_179' title='bbox 586 2875 724 2960; x_wconf 77' lang='lat' dir='ltr'><strong>saepiua</strong></span> <span class='ocrx_word' id='word_1_180' title='bbox 819 2901 853 2940; x_wconf 77' lang='lat' dir='ltr'><strong>uu</strong></span> <span class='ocrx_word' id='word_1_181' title='bbox 870 2901 976 2942; x_wconf 76' lang='lat' dir='ltr'><strong>nenias</strong></span> <span class='ocrx_word' id='word_1_182' title='bbox 992 2900 1104 2941; x_wconf 73' lang='lat' dir='ltr'><strong>nonme</strong></span> <span class='ocrx_word' id='word_1_183' title='bbox 1124 2875 1174 2940; x_wconf 81' lang='lat' dir='ltr'><strong>lu&#39;c</strong></span> <span class='ocrx_word' id='word_1_184' title='bbox 1195 2881 1322 2958; x_wconf 83' lang='lat' dir='ltr'><strong>portam</strong></span> <span class='ocrx_word' id='word_1_185' title='bbox 1342 2896 1404 2960; x_wconf 80' lang='lat' dir='ltr'><strong>pro</strong></span> <span class='ocrx_word' id='word_1_186' title='bbox 1431 2877 1499 2960; x_wconf 85' lang='lat' dir='ltr'><strong>ipso</strong></span> 
     </span>
     <span class='ocr_line' id='line_1_24' title="bbox 216 2981 1497 3066; baseline 0.002 -20"><span class='ocrx_word' id='word_1_187' title='bbox 216 2983 304 3046; x_wconf 83' lang='lat' dir='ltr'><strong>aditu</strong></span> <span class='ocrx_word' id='word_1_188' title='bbox 322 2985 444 3064; x_wconf 62' lang='lat' dir='ltr'><strong>posuit</strong></span> <span class='ocrx_word' id='word_1_189' title='bbox 466 3003 543 3048; x_wconf 71' lang='lat' dir='ltr'><strong>mm</strong></span> <span class='ocrx_word' id='word_1_190' title='bbox 564 2985 646 3066; x_wconf 77' lang='lat' dir='ltr'><strong>quod</strong></span> <span class='ocrx_word' id='word_1_191' title='bbox 662 2985 709 3048; x_wconf 85' lang='lat' dir='ltr'><strong>ait</strong></span> <span class='ocrx_word' id='word_1_192' title='bbox 727 2981 866 3048; x_wconf 74' lang='lat' dir='ltr'><strong>‘limine’</strong></span> <span class='ocrx_word' id='word_1_193' title='bbox 890 2983 1089 3064; x_wconf 82' lang='lat' dir='ltr'><strong>manifestum</strong></span> <span class='ocrx_word' id='word_1_194' title='bbox 1107 2987 1151 3048; x_wconf 78' lang='lat' dir='ltr'><strong>eet</strong></span> <span class='ocrx_word' id='word_1_195' title='bbox 1168 2987 1284 3065; x_wconf 85' lang='lat' dir='ltr'><strong>portae.</strong></span> <span class='ocrx_word' id='word_1_196' title='bbox 1322 3003 1399 3048; x_wconf 85' lang='lat' dir='ltr'><strong>uam</strong></span> <span class='ocrx_word' id='word_1_197' title='bbox 1416 3004 1497 3066; x_wconf 79' lang='lat' dir='ltr'><strong>pars</strong></span> 
     </span>
     <span class='ocr_line' id='line_1_25' title="bbox 215 3089 1498 3174; baseline 0.002 -22"><span class='ocrx_word' id='word_1_198' title='bbox 215 3089 355 3171; x_wconf 72' lang='lat' dir='ltr'><strong>eupator</strong></span> <span class='ocrx_word' id='word_1_199' title='bbox 382 3091 488 3154; x_wconf 84' lang='lat' dir='ltr'><strong>diruta</strong></span> <span class='ocrx_word' id='word_1_200' title='bbox 515 3096 571 3171; x_wconf 83' lang='lat' dir='ltr'><strong>oct,</strong></span> <span class='ocrx_word' id='word_1_201' title='bbox 598 3090 766 3156; x_wconf 71' lang='lat' dir='ltr'><strong>mensurio</strong></span> <span class='ocrx_word' id='word_1_202' title='bbox 794 3093 968 3154; x_wconf 67' lang='lat' dir='ltr'><strong>emanente</strong></span> <span class='ocrx_word' id='word_1_203' title='bbox 995 3089 1114 3174; x_wconf 84' lang='lat' dir='ltr'><strong>limine,</strong></span> <span class='ocrx_word' id='word_1_204' title='bbox 1142 3090 1225 3170; x_wconf 79' lang='lat' dir='ltr'><strong>qnod</strong></span> <span class='ocrx_word' id='word_1_205' title='bbox 1248 3091 1284 3154; x_wconf 86' lang='lat' dir='ltr'><strong>in</strong></span> <span class='ocrx_word' id='word_1_206' title='bbox 1309 3091 1376 3154; x_wconf 82' lang='lat' dir='ltr'><strong>ima</strong></span> <span class='ocrx_word' id='word_1_207' title='bbox 1397 3095 1498 3174; x_wconf 86' lang='lat' dir='ltr'><strong>parte,</strong></span> 
     </span>
     <span class='ocr_line' id='line_1_26' title="bbox 216 3195 1549 3280; baseline 0.009 -22"><span class='ocrx_word' id='word_1_208' title='bbox 216 3195 252 3258; x_wconf 81' lang='lat' dir='ltr'><strong>id</strong></span> <span class='ocrx_word' id='word_1_209' title='bbox 272 3195 374 3259; x_wconf 81' lang='lat' dir='ltr'><strong>estin</strong></span> <span class='ocrx_word' id='word_1_210' title='bbox 395 3197 458 3262; x_wconf 76' lang='lat' dir='ltr'><strong>sot)</strong></span> <span class='ocrx_word' id='word_1_211' title='bbox 474 3197 613 3280; x_wconf 74' lang='lat' dir='ltr'><strong>positum</strong></span> <span class='ocrx_word' id='word_1_212' title='bbox 635 3201 710 3262; x_wconf 87' lang='lat' dir='ltr'><strong>erat</strong></span> <span class='ocrx_word' id='word_1_213' title='bbox 1515 3215 1549 3263; x_wconf 75' lang='lat'><strong>25</strong></span> 
     </span>
    </p>

    <p class='ocr_par' dir='ltr' id='par_1_10' title="bbox 215 3301 1550 3923">
     <span class='ocr_line' id='line_1_27' title="bbox 305 3301 1498 3383; baseline 0.003 -18"><span class='ocrx_word' id='word_1_214' title='bbox 305 3301 379 3366; x_wconf 85' lang='grc'><strong>243.</strong></span> <span class='ocrx_word' id='word_1_215' title='bbox 415 3329 513 3376; x_wconf 70' lang='lat' dir='ltr'><strong>arcun</strong></span> <span class='ocrx_word' id='word_1_216' title='bbox 534 3329 623 3370; x_wconf 74' lang='lat' dir='ltr'><strong>nunno</strong></span> <span class='ocrx_word' id='word_1_217' title='bbox 641 3329 773 3370; x_wconf 71' lang='lat' dir='ltr'><strong>scamna</strong></span> <span class='ocrx_word' id='word_1_218' title='bbox 790 3329 904 3376; x_wconf 74' lang='lat' dir='ltr'><strong>cannen</strong></span> <span class='ocrx_word' id='word_1_219' title='bbox 923 3328 1004 3368; x_wconf 75' lang='lat' dir='ltr'><strong>naun</strong></span> <span class='ocrx_word' id='word_1_220' title='bbox 1023 3328 1141 3369; x_wconf 74' lang='lat' dir='ltr'><strong>neuneu</strong></span> <span class='ocrx_word' id='word_1_221' title='bbox 1162 3304 1314 3369; x_wconf 77' lang='lat' dir='ltr'><strong>astauderc</strong></span> <span class='ocrx_word' id='word_1_222' title='bbox 1335 3304 1412 3383; x_wconf 88' lang='lat' dir='ltr'><strong>vult,</strong></span> <span class='ocrx_word' id='word_1_223' title='bbox 1435 3325 1498 3368; x_wconf 87' lang='lat' dir='ltr'><strong>non</strong></span> 
     </span>
     <span class='ocr_line' id='line_1_28' title="bbox 217 3408 1501 3493; baseline 0.002 -21"><span class='ocrx_word' id='word_1_224' title='bbox 217 3408 252 3472; x_wconf 83' lang='lat' dir='ltr'><strong>in</strong></span> <span class='ocrx_word' id='word_1_225' title='bbox 280 3412 375 3473; x_wconf 74' lang='lat' dir='ltr'><strong>totum</strong></span> <span class='ocrx_word' id='word_1_226' title='bbox 402 3431 424 3474; x_wconf 91' lang='lat' dir='ltr'><strong>a</strong></span> <span class='ocrx_word' id='word_1_227' title='bbox 450 3412 512 3475; x_wconf 80' lang='lat' dir='ltr'><strong>diis</strong></span> <span class='ocrx_word' id='word_1_228' title='bbox 538 3412 668 3476; x_wconf 83' lang='lat' dir='ltr'><strong>desertos</strong></span> <span class='ocrx_word' id='word_1_229' title='bbox 695 3431 757 3476; x_wconf 83' lang='lat' dir='ltr'><strong>esse</strong></span> <span class='ocrx_word' id='word_1_230' title='bbox 786 3410 954 3476; x_wconf 81' lang='lat' dir='ltr'><strong>Troianos:</strong></span> <span class='ocrx_word' id='word_1_231' title='bbox 985 3411 1097 3492; x_wconf 81' lang='lat' dir='ltr'><strong>quippe</strong></span> <span class='ocrx_word' id='word_1_232' title='bbox 1123 3430 1199 3492; x_wconf 80' lang='lat' dir='ltr'><strong>quos</strong></span> <span class='ocrx_word' id='word_1_233' title='bbox 1227 3430 1301 3474; x_wconf 82' lang='lat' dir='ltr'><strong>cono</strong></span> <span class='ocrx_word' id='word_1_234' title='bbox 1329 3411 1400 3493; x_wconf 75' lang='lat' dir='ltr'><strong>equi</strong></span> <span class='ocrx_word' id='word_1_235' title='bbox 1425 3412 1501 3477; x_wconf 85' lang='lat' dir='ltr'><strong>dicit</strong></span> 
     </span>
     <span class='ocr_line' id='line_1_29' title="bbox 217 3505 1499 3601; baseline 0.003 -23"><span class='ocrx_word' id='word_1_236' title='bbox 217 3533 280 3578; x_wconf 81' lang='lat' dir='ltr'><strong>csse</strong></span> <span class='ocrx_word' id='word_1_237' title='bbox 297 3518 511 3582; x_wconf 84' lang='lat' dir='ltr'><strong>commonitas:</strong></span> <span class='ocrx_word' id='word_1_238' title='bbox 534 3539 573 3582; x_wconf 89' lang='lat' dir='ltr'><strong>ue</strong></span> <span class='ocrx_word' id='word_1_239' title='bbox 591 3517 676 3583; x_wconf 85' lang='lat' dir='ltr'><strong>Dido</strong></span> <span class='ocrx_word' id='word_1_240' title='bbox 694 3517 733 3582; x_wconf 81' lang='lat' dir='ltr'><strong>ab</strong></span> <span class='ocrx_word' id='word_1_241' title='bbox 751 3517 801 3582; x_wconf 74' lang='lat' dir='ltr'><strong>un</strong></span> <span class='ocrx_word' id='word_1_242' title='bbox 818 3519 960 3582; x_wconf 84' lang='lat' dir='ltr'><strong>animum</strong></span> <span class='ocrx_word' id='word_1_243' title='bbox 978 3521 1135 3601; x_wconf 76' lang='lat' dir='ltr'><strong>auateret,</strong></span> <span class='ocrx_word' id='word_1_244' title='bbox 1157 3537 1233 3599; x_wconf 73' lang='lat' dir='ltr'><strong>pisos</strong></span> <span class='ocrx_word' id='word_1_245' title='bbox 1255 3505 1374 3581; x_wconf 74' lang='lat' dir='ltr'><strong>audebat</strong></span> <span class='ocrx_word' id='word_1_246' title='bbox 1394 3537 1416 3580; x_wconf 88' lang='lat' dir='ltr'><strong>a</strong></span> <span class='ocrx_word' id='word_1_247' title='bbox 1432 3519 1499 3582; x_wconf 85' lang='lat' dir='ltr'><strong>suis</strong></span> 
     </span>
     <span class='ocr_line' id='line_1_30' title="bbox 215 3623 1498 3702; baseline 0.003 -16"><span class='ocrx_word' id='word_1_248' title='bbox 215 3623 397 3688; x_wconf 72' lang='lat' dir='ltr'><strong>nuenunutus</strong></span> <span class='ocrx_word' id='word_1_249' title='bbox 418 3625 589 3702; x_wconf 55' lang='lat' dir='ltr'><strong>duntona</strong></span> <span class='ocrx_word' id='word_1_250' title='bbox 617 3626 671 3689; x_wconf 86' lang='lat' dir='ltr'><strong>sed</strong></span> <span class='ocrx_word' id='word_1_251' title='bbox 695 3625 750 3689; x_wconf 82' lang='lat' dir='ltr'><strong>tac</strong></span> <span class='ocrx_word' id='word_1_252' title='bbox 771 3625 863 3689; x_wconf 84' lang='lat' dir='ltr'><strong>dicit:</strong></span> <span class='ocrx_word' id='word_1_253' title='bbox 890 3629 1076 3689; x_wconf 77' lang='lat' dir='ltr'><strong>euonuumnt</strong></span> <span class='ocrx_word' id='word_1_254' title='bbox 1103 3645 1159 3688; x_wconf 84' lang='lat' dir='ltr'><strong>uos</strong></span> <span class='ocrx_word' id='word_1_255' title='bbox 1185 3625 1245 3702; x_wconf 84' lang='lat' dir='ltr'><strong>dii,</strong></span> <span class='ocrx_word' id='word_1_256' title='bbox 1273 3623 1326 3688; x_wconf 84' lang='lat' dir='ltr'><strong>sed</strong></span> <span class='ocrx_word' id='word_1_257' title='bbox 1351 3644 1409 3689; x_wconf 84' lang='lat' dir='ltr'><strong>nos</strong></span> <span class='ocrx_word' id='word_1_258' title='bbox 1434 3645 1498 3690; x_wconf 86' lang='lat' dir='ltr'><strong>non</strong></span> 
     </span>
     <span class='ocr_line' id='line_1_31' title="bbox 217 3729 1550 3814; baseline 0.003 -22"><span class='ocrx_word' id='word_1_259' title='bbox 217 3729 430 3796; x_wconf 78' lang='lat' dir='ltr'><strong>inlelleaimuo.</strong></span> <span class='ocrx_word' id='word_1_260' title='bbox 475 3739 504 3797; x_wconf 90' lang='lat' dir='ltr'><strong>et</strong></span> <span class='ocrx_word' id='word_1_261' title='bbox 532 3733 603 3797; x_wconf 84' lang='lat' dir='ltr'><strong>bene</strong></span> <span class='ocrx_word' id='word_1_262' title='bbox 625 3733 748 3796; x_wconf 64' lang='lat' dir='ltr'><strong>antetulit</strong></span> <span class='ocrx_word' id='word_1_263' title='bbox 769 3730 920 3796; x_wconf 71' lang='lat' dir='ltr'><strong>‘sonitum</strong></span> <span class='ocrx_word' id='word_1_264' title='bbox 942 3752 1034 3796; x_wconf 80' lang='lat' dir='ltr'><strong>anna</strong></span> <span class='ocrx_word' id='word_1_265' title='bbox 1056 3729 1186 3814; x_wconf 90' lang='lat' dir='ltr'><strong>dedere&#39;,</strong></span> <span class='ocrx_word' id='word_1_266' title='bbox 1215 3751 1254 3796; x_wconf 87' lang='lat' dir='ltr'><strong>ue</strong></span> <span class='ocrx_word' id='word_1_267' title='bbox 1275 3731 1304 3794; x_wconf 88' lang='lat' dir='ltr'><strong>ei</strong></span> <span class='ocrx_word' id='word_1_268' title='bbox 1325 3729 1497 3812; x_wconf 85' lang='lat' dir='ltr'><strong>obiceretur,</strong></span> <span class='ocrx_word' id='word_1_269' title='bbox 1516 3749 1550 3796; x_wconf 82' lang='lat'><strong>30</strong></span> 
     </span>
     <span class='ocr_line' id='line_1_32' title="bbox 215 3837 1381 3923; baseline 0.002 -22"><span class='ocrx_word' id='word_1_270' title='bbox 215 3858 277 3902; x_wconf 89' lang='lat' dir='ltr'><strong>non</strong></span> <span class='ocrx_word' id='word_1_271' title='bbox 294 3839 433 3919; x_wconf 83' lang='lat' dir='ltr'><strong>potuisse</strong></span> <span class='ocrx_word' id='word_1_272' title='bbox 454 3841 538 3923; x_wconf 82' lang='lat' dir='ltr'><strong>fieri,</strong></span> <span class='ocrx_word' id='word_1_273' title='bbox 560 3844 596 3903; x_wconf 87' lang='lat' dir='ltr'><strong>ut</strong></span> <span class='ocrx_word' id='word_1_274' title='bbox 613 3839 709 3922; x_wconf 87' lang='lat' dir='ltr'><strong>plena</strong></span> <span class='ocrx_word' id='word_1_275' title='bbox 731 3839 830 3902; x_wconf 81' lang='lat' dir='ltr'><strong>annis</strong></span> <span class='ocrx_word' id='word_1_276' title='bbox 852 3837 999 3902; x_wconf 77' lang='lat' dir='ltr'><strong>madetna</strong></span> <span class='ocrx_word' id='word_1_277' title='bbox 1020 3858 1130 3903; x_wconf 87' lang='lat' dir='ltr'><strong>sonum</strong></span> <span class='ocrx_word' id='word_1_278' title='bbox 1152 3859 1216 3902; x_wconf 91' lang='lat' dir='ltr'><strong>non</strong></span> <span class='ocrx_word' id='word_1_279' title='bbox 1238 3838 1381 3903; x_wconf 83' lang='lat' dir='ltr'><strong>redderet.</strong></span> 
     </span>
    </p>
   </div>
   <div class='ocr_carea' id='block_1_3' title="bbox 219 3983 430 3991">
    <p class='ocr_par' dir='ltr' id='par_1_11' title="bbox 219 3983 430 3991">
     <span class='ocr_line' id='line_1_33' title="bbox 219 3983 430 3991; baseline 0 -1"><span class='ocrx_word' id='word_1_280' title='bbox 219 3983 382 3991; x_wconf 60' lang='lat'><strong>———</strong></span> <span class='ocrx_word' id='word_1_281' title='bbox 392 3983 430 3991; x_wconf 75' lang='lat'><strong>--..</strong></span> 
     </span>
    </p>
   </div>
   <div class='ocr_carea' id='block_1_4' title="bbox 217 4065 1496 4211">
    <p class='ocr_par' dir='ltr' id='par_1_12' title="bbox 217 4065 1496 4211">
     <span class='ocr_line' id='line_1_34' title="bbox 289 4065 1496 4139; baseline 0.001 -18"><span class='ocrx_word' id='word_1_282' title='bbox 289 4074 303 4121; x_wconf 89' lang='lat'>1</span> <span class='ocrx_word' id='word_1_283' title='bbox 328 4069 475 4124; x_wconf 77' lang='lat' dir='ltr'><strong>&#39;l&#39;erentius</strong></span> <span class='ocrx_word' id='word_1_284' title='bbox 498 4067 679 4138; x_wconf 81' lang='lat' dir='ltr'><strong>Phormione]</strong></span> <span class='ocrx_word' id='word_1_285' title='bbox 704 4067 729 4120; x_wconf 91' lang='lat' dir='ltr'><strong>ll</strong></span> <span class='ocrx_word' id='word_1_286' title='bbox 748 4073 779 4136; x_wconf 79' lang='grc'><strong>2,</strong></span> <span class='ocrx_word' id='word_1_287' title='bbox 798 4073 823 4122; x_wconf 84' lang='grc'><strong>4.</strong></span> <span class='ocrx_word' id='word_1_288' title='bbox 860 4066 894 4122; x_wconf 90' lang='lat' dir='ltr'><strong>ei.</strong></span> <span class='ocrx_word' id='word_1_289' title='bbox 918 4065 988 4122; x_wconf 90' lang='lat' dir='ltr'><strong>Dou.</strong></span> <span class='ocrx_word' id='word_1_290' title='bbox 1007 4066 1045 4121; x_wconf 86' lang='lat' dir='ltr'><strong>ad</strong></span> <span class='ocrx_word' id='word_1_291' title='bbox 1062 4067 1089 4120; x_wconf 87' lang='lat' dir='ltr'><strong>h.</strong></span> <span class='ocrx_word' id='word_1_292' title='bbox 1109 4087 1135 4122; x_wconf 82' lang='lat' dir='ltr'><strong>v.</strong></span> <span class='ocrx_word' id='word_1_293' title='bbox 1159 4069 1169 4137; x_wconf 85' lang='grc' dir='ltr'><strong>ΙΙ</strong></span> <span class='ocrx_word' id='word_1_294' title='bbox 1194 4074 1224 4122; x_wconf 92' lang='grc'><strong>11</strong></span> <span class='ocrx_word' id='word_1_295' title='bbox 1249 4067 1357 4139; x_wconf 85' lang='lat' dir='ltr'><strong>veniat]</strong></span> <span class='ocrx_word' id='word_1_296' title='bbox 1376 4068 1496 4125; x_wconf 89' lang='lat' dir='ltr'><strong>buc.&#39;Ill</strong></span> 
     </span>
     <span class='ocr_line' id='line_1_35' title="bbox 217 4137 1496 4211; baseline 0.002 -19"><span class='ocrx_word' id='word_1_297' title='bbox 217 4145 251 4192; x_wconf 83' lang='lat'><strong>88</strong></span> <span class='ocrx_word' id='word_1_298' title='bbox 274 4141 284 4209; x_wconf 80' lang='grc' dir='ltr'><strong>ΙΙ</strong></span> <span class='ocrx_word' id='word_1_299' title='bbox 309 4145 342 4193; x_wconf 81' lang='grc'><strong>14</strong></span> <span class='ocrx_word' id='word_1_300' title='bbox 360 4158 457 4196; x_wconf 80' lang='lat' dir='ltr'><strong>versus</strong></span> <span class='ocrx_word' id='word_1_301' title='bbox 476 4141 630 4211; x_wconf 84' lang='lat' dir='ltr'><strong>Ennianus]</strong></span> <span class='ocrx_word' id='word_1_302' title='bbox 649 4139 783 4193; x_wconf 87' lang='lat' dir='ltr'><strong>Androm.</strong></span> <span class='ocrx_word' id='word_1_303' title='bbox 803 4137 940 4193; x_wconf 85' lang='lat' dir='ltr'><strong>aeohmal.</strong></span> <span class='ocrx_word' id='word_1_304' title='bbox 960 4138 1060 4207; x_wconf 78' lang='lat' dir='ltr'><strong>fragm.</strong></span> <span class='ocrx_word' id='word_1_305' title='bbox 1080 4139 1117 4192; x_wconf 89' lang='lat' dir='ltr'><strong>lX</strong></span> <span class='ocrx_word' id='word_1_306' title='bbox 1136 4155 1181 4208; x_wconf 85' lang='lat' dir='ltr'><strong>ap.</strong></span> <span class='ocrx_word' id='word_1_307' title='bbox 1201 4139 1282 4194; x_wconf 85' lang='lat' dir='ltr'><strong>Ribb.</strong></span> <span class='ocrx_word' id='word_1_308' title='bbox 1302 4140 1331 4194; x_wconf 86' lang='lat' dir='ltr'><strong>et</strong></span> <span class='ocrx_word' id='word_1_309' title='bbox 1349 4156 1394 4209; x_wconf 83' lang='lat' dir='ltr'><strong>ap.</strong></span> <span class='ocrx_word' id='word_1_310' title='bbox 1414 4139 1496 4196; x_wconf 87' lang='lat' dir='ltr'><strong>Vahl.</strong></span> 
     </span>
    </p>
   </div>
   <div class='ocr_carea' id='block_1_5' title="bbox 217 4351 1498 4994">
    <p class='ocr_par' dir='ltr' id='par_1_13' title="bbox 217 4351 1498 4994">
     <span class='ocr_line' id='line_1_36' title="bbox 288 4351 1497 4425; baseline 0.002 -19"><span class='ocrx_word' id='word_1_311' title='bbox 288 4360 305 4406; x_wconf 87' lang='grc'>3</span> <span class='ocrx_word' id='word_1_312' title='bbox 324 4355 362 4408; x_wconf 86' lang='lat' dir='ltr'><strong>ad</strong></span> <span class='ocrx_word' id='word_1_313' title='bbox 379 4371 404 4408; x_wconf 87' lang='lat' dir='ltr'><strong>u.</strong></span> <span class='ocrx_word' id='word_1_314' title='bbox 424 4359 475 4408; x_wconf 78' lang='grc'><strong>337</strong></span> <span class='ocrx_word' id='word_1_315' title='bbox 494 4353 659 4425; x_wconf 87' lang='lat' dir='ltr'><strong>luteudunt]</strong></span> <span class='ocrx_word' id='word_1_316' title='bbox 678 4351 799 4422; x_wconf 80' lang='lat' dir='ltr'><strong>inligant</strong></span> <span class='ocrx_word' id='word_1_317' title='bbox 822 4353 853 4405; x_wconf 89' lang='lat' dir='ltr'><strong>et</strong></span> <span class='ocrx_word' id='word_1_318' title='bbox 874 4351 994 4405; x_wconf 88' lang='lat' dir='ltr'><strong>tendunt</strong></span> <span class='ocrx_word' id='word_1_319' title='bbox 1016 4353 1049 4405; x_wconf 89' lang='lat' dir='ltr'><strong>ut</strong></span> <span class='ocrx_word' id='word_1_320' title='bbox 1067 4351 1258 4421; x_wconf 85' lang='lat' dir='ltr'><strong>‘intenditque</strong></span> <span class='ocrx_word' id='word_1_321' title='bbox 1281 4352 1374 4407; x_wconf 87' lang='lat' dir='ltr'><strong>locum</strong></span> <span class='ocrx_word' id='word_1_322' title='bbox 1398 4352 1497 4423; x_wconf 80' lang='lat' dir='ltr'><strong>(locus)</strong></span> 
     </span>
     <span class='ocr_line' id='line_1_37' title="bbox 218 4422 1497 4496; baseline 0.001 -18"><span class='ocrx_word' id='word_1_323' title='bbox 218 4424 325 4479; x_wconf 84' lang='lat' dir='ltr'><strong>sortis’.</strong></span> <span class='ocrx_word' id='word_1_324' title='bbox 367 4424 487 4496; x_wconf 77' lang='lat' dir='ltr'><strong>Fatalis]</strong></span> <span class='ocrx_word' id='word_1_325' title='bbox 511 4424 664 4479; x_wconf 80' lang='lat' dir='ltr'><strong>mortifera.</strong></span> <span class='ocrx_word' id='word_1_326' title='bbox 690 4424 718 4478; x_wconf 92' lang='lat' dir='ltr'><strong><em>P</em></strong></span> <span class='ocrx_word' id='word_1_327' title='bbox 739 4424 779 4492; x_wconf 86' lang='lat' dir='ltr'><strong>(et</strong></span> <span class='ocrx_word' id='word_1_328' title='bbox 801 4422 920 4478; x_wconf 89' lang='lat' dir='ltr'><strong>tondunt</strong></span> <span class='ocrx_word' id='word_1_329' title='bbox 941 4423 1048 4478; x_wconf 81' lang='lat' dir='ltr'><strong>Daniel</strong></span> <span class='ocrx_word' id='word_1_330' title='bbox 1070 4425 1173 4490; x_wconf 68' lang='lat' dir='ltr'><strong>enauit,</strong></span> <span class='ocrx_word' id='word_1_331' title='bbox 1200 4440 1284 4492; x_wconf 74' lang='lat' dir='ltr'><strong>nuque</strong></span> <span class='ocrx_word' id='word_1_332' title='bbox 1306 4441 1339 4478; x_wconf 88' lang='lat' dir='ltr'><strong>ea</strong></span> <span class='ocrx_word' id='word_1_333' title='bbox 1361 4425 1443 4480; x_wconf 82' lang='lat' dir='ltr'><strong>uerba</strong></span> <span class='ocrx_word' id='word_1_334' title='bbox 1466 4427 1497 4479; x_wconf 84' lang='lat' dir='ltr'><strong>iu</strong></span> 
     </span>
     <span class='ocr_line' id='line_1_38' title="bbox 218 4494 1498 4564; baseline 0 -14"><span class='ocrx_word' id='word_1_335' title='bbox 218 4496 357 4551; x_wconf 83' lang='lat' dir='ltr'><strong>Fuldenei</strong></span> <span class='ocrx_word' id='word_1_336' title='bbox 379 4497 466 4564; x_wconf 70' lang='lat' dir='ltr'><strong>suetae</strong></span> <span class='ocrx_word' id='word_1_337' title='bbox 487 4497 520 4551; x_wconf 83' lang='lat' dir='ltr'><strong>iu</strong></span> <span class='ocrx_word' id='word_1_338' title='bbox 542 4497 692 4564; x_wconf 79' lang='lat' dir='ltr'><strong>appendice</strong></span> <span class='ocrx_word' id='word_1_339' title='bbox 714 4497 955 4562; x_wconf 68' lang='lat' dir='ltr'><strong>admotum-est.)</strong></span> <span class='ocrx_word' id='word_1_340' title='bbox 978 4495 988 4563; x_wconf 92' lang='lat' dir='ltr'><strong>l</strong></span> <span class='ocrx_word' id='word_1_341' title='bbox 1010 4513 1159 4548; x_wconf 81' lang='lat' dir='ltr'><strong>mnnnnvuu</strong></span> <span class='ocrx_word' id='word_1_342' title='bbox 1183 4494 1304 4564; x_wconf 78' lang='lat' dir='ltr'><strong>alligant</strong></span> <span class='ocrx_word' id='word_1_343' title='bbox 1327 4496 1359 4550; x_wconf 84' lang='lat' dir='ltr'><strong>in</strong></span> <span class='ocrx_word' id='word_1_344' title='bbox 1381 4513 1436 4552; x_wconf 80' lang='lat' dir='ltr'><strong>raa.</strong></span> <span class='ocrx_word' id='word_1_345' title='bbox 1461 4496 1498 4564; x_wconf 76' lang='lat' dir='ltr'><strong>ll</strong></span> 
     </span>
     <span class='ocr_line' id='line_1_39' title="bbox 218 4564 1497 4638; baseline 0 -18"><span class='ocrx_word' id='word_1_346' title='bbox 218 4574 234 4620; x_wconf 83' lang='lat'><strong>4</strong></span> <span class='ocrx_word' id='word_1_347' title='bbox 254 4586 420 4628; x_wconf 67' lang='lat' dir='ltr'><strong>consumavi</strong></span> <span class='ocrx_word' id='word_1_348' title='bbox 441 4567 511 4622; x_wconf 81' lang='grc' dir='ltr'><strong>ΜΕ</strong></span> <span class='ocrx_word' id='word_1_349' title='bbox 531 4571 541 4636; x_wconf 70' lang='grc' dir='ltr'><strong>[Ι</strong></span> <span class='ocrx_word' id='word_1_350' title='bbox 565 4572 579 4620; x_wconf 79' lang='grc'>7</span> <span class='ocrx_word' id='word_1_351' title='bbox 604 4568 642 4621; x_wconf 85' lang='lat' dir='ltr'><strong>ad</strong></span> <span class='ocrx_word' id='word_1_352' title='bbox 664 4584 688 4622; x_wconf 85' lang='lat' dir='ltr'><strong>a.</strong></span> <span class='ocrx_word' id='word_1_353' title='bbox 709 4569 760 4621; x_wconf 78' lang='lat'><strong>238</strong></span> <span class='ocrx_word' id='word_1_354' title='bbox 784 4565 883 4636; x_wconf 79' lang='lat' dir='ltr'><strong>Foeta]</strong></span> <span class='ocrx_word' id='word_1_355' title='bbox 907 4583 981 4620; x_wconf 88' lang='lat' dir='ltr'><strong>nune</strong></span> <span class='ocrx_word' id='word_1_356' title='bbox 1004 4564 1088 4634; x_wconf 88' lang='lat' dir='ltr'><strong>plena</strong></span> <span class='ocrx_word' id='word_1_357' title='bbox 1111 4607 1117 4618; x_wconf 95' lang='lat'><strong>.</strong></span> <span class='ocrx_word' id='word_1_358' title='bbox 1138 4605 1144 4618; x_wconf 93' lang='lat'><strong>.</strong></span> <span class='ocrx_word' id='word_1_359' title='bbox 1165 4607 1171 4620; x_wconf 92' lang='lat'><strong>.</strong></span> <span class='ocrx_word' id='word_1_360' title='bbox 1195 4565 1279 4620; x_wconf 89' lang='lat' dir='ltr'><strong>uiridi</strong></span> <span class='ocrx_word' id='word_1_361' title='bbox 1302 4565 1417 4623; x_wconf 84' lang='lat' dir='ltr'><strong>loetum.</strong></span> <span class='ocrx_word' id='word_1_362' title='bbox 1444 4567 1472 4620; x_wconf 92' lang='lat' dir='ltr'><strong><em>P</em></strong></span> <span class='ocrx_word' id='word_1_363' title='bbox 1487 4571 1497 4638; x_wconf 68' lang='lat' dir='ltr'><strong>ll</strong></span> 
     </span>
     <span class='ocr_line' id='line_1_40' title="bbox 217 4635 1496 4710; baseline 0.001 -18"><span class='ocrx_word' id='word_1_364' title='bbox 217 4639 396 4707; x_wconf 77' lang='lat' dir='ltr'><strong>temptabunt</strong></span> <span class='ocrx_word' id='word_1_365' title='bbox 415 4681 422 4692; x_wconf 92' lang='lat'><strong>.</strong></span> <span class='ocrx_word' id='word_1_366' title='bbox 438 4681 466 4694; x_wconf 95' lang='lat'><strong>..</strong></span> <span class='ocrx_word' id='word_1_367' title='bbox 486 4638 570 4710; x_wconf 82' lang='lat' dir='ltr'><strong>letus]</strong></span> <span class='ocrx_word' id='word_1_368' title='bbox 590 4639 742 4693; x_wconf 85' lang='lat' dir='ltr'><strong>tentabunt</strong></span> <span class='ocrx_word' id='word_1_369' title='bbox 759 4637 868 4706; x_wconf 87' lang='lat' dir='ltr'><strong>pabuut</strong></span> <span class='ocrx_word' id='word_1_370' title='bbox 885 4635 1021 4705; x_wconf 85' lang='lat' dir='ltr'><strong>pabulato</strong></span> <span class='ocrx_word' id='word_1_371' title='bbox 1039 4637 1129 4691; x_wconf 86' lang='lat' dir='ltr'><strong>foetas</strong></span> <span class='ocrx_word' id='word_1_372' title='bbox 1148 4636 1200 4705; x_wconf 78' lang='lat' dir='ltr'><strong>Pl</strong></span> <span class='ocrx_word' id='word_1_373' title='bbox 1224 4642 1256 4690; x_wconf 79' lang='lat'><strong>12</strong></span> <span class='ocrx_word' id='word_1_374' title='bbox 1276 4638 1314 4692; x_wconf 90' lang='lat' dir='ltr'><strong>ad</strong></span> <span class='ocrx_word' id='word_1_375' title='bbox 1331 4655 1355 4692; x_wconf 88' lang='lat' dir='ltr'><strong>u.</strong></span> <span class='ocrx_word' id='word_1_376' title='bbox 1375 4645 1428 4693; x_wconf 80' lang='lat'><strong>240</strong></span> <span class='ocrx_word' id='word_1_377' title='bbox 1446 4639 1496 4692; x_wconf 82' lang='lat' dir='ltr'><strong>Mi-</strong></span> 
     </span>
     <span class='ocr_line' id='line_1_41' title="bbox 218 4706 1497 4781; baseline 0.002 -19"><span class='ocrx_word' id='word_1_378' title='bbox 218 4710 298 4781; x_wconf 82' lang='lat' dir='ltr'><strong>nans]</strong></span> <span class='ocrx_word' id='word_1_379' title='bbox 321 4710 369 4764; x_wconf 90' lang='lat' dir='ltr'><strong>uel</strong></span> <span class='ocrx_word' id='word_1_380' title='bbox 391 4709 515 4766; x_wconf 87' lang='lat' dir='ltr'><strong>eminens</strong></span> <span class='ocrx_word' id='word_1_381' title='bbox 540 4709 657 4764; x_wconf 87' lang='lat' dir='ltr'><strong>...uel</strong></span> <span class='ocrx_word' id='word_1_382' title='bbox 679 4707 820 4762; x_wconf 82' lang='lat' dir='ltr'><strong>minitans.</strong></span> <span class='ocrx_word' id='word_1_383' title='bbox 846 4706 875 4760; x_wconf 91' lang='lat' dir='ltr'><strong><em>P</em></strong></span> <span class='ocrx_word' id='word_1_384' title='bbox 892 4709 902 4775; x_wconf 79' lang='lat' dir='ltr'>ss</span> <span class='ocrx_word' id='word_1_385' title='bbox 925 4723 1020 4761; x_wconf 84' lang='lat' dir='ltr'><strong>emens</strong></span> <span class='ocrx_word' id='word_1_386' title='bbox 1038 4706 1065 4760; x_wconf 78' lang='lat' dir='ltr'><strong><em>L</em></strong></span> <span class='ocrx_word' id='word_1_387' title='bbox 1091 4708 1266 4776; x_wconf 86' lang='lat' dir='ltr'><strong>(emiueusl)</strong></span> <span class='ocrx_word' id='word_1_388' title='bbox 1294 4710 1420 4764; x_wconf 84' lang='lat' dir='ltr'><strong>eminans</strong></span> <span class='ocrx_word' id='word_1_389' title='bbox 1439 4710 1473 4763; x_wconf 88' lang='lat' dir='ltr'><em>H</em></span> <span class='ocrx_word' id='word_1_390' title='bbox 1487 4711 1497 4780; x_wconf 74' lang='lat' dir='ltr'><strong>ll</strong></span> 
     </span>
     <span class='ocr_line' id='line_1_42' title="bbox 220 4778 1496 4850; baseline 0 -16"><span class='ocrx_word' id='word_1_391' title='bbox 220 4787 252 4834; x_wconf 87' lang='grc'><strong>13</strong></span> <span class='ocrx_word' id='word_1_392' title='bbox 270 4781 416 4848; x_wconf 67' lang='lat' dir='ltr'><strong>minitans,</strong></span> <span class='ocrx_word' id='word_1_393' title='bbox 441 4783 572 4836; x_wconf 85' lang='lat' dir='ltr'><strong>euentum</strong></span> <span class='ocrx_word' id='word_1_394' title='bbox 590 4780 714 4848; x_wconf 84' lang='lat' dir='ltr'><strong>aliquem</strong></span> <span class='ocrx_word' id='word_1_395' title='bbox 733 4779 808 4832; x_wconf 90' lang='lat' dir='ltr'><strong>malo</strong></span> <span class='ocrx_word' id='word_1_396' title='bbox 827 4779 944 4846; x_wconf 87' lang='lat' dir='ltr'><strong>(malum</strong></span> <span class='ocrx_word' id='word_1_397' title='bbox 963 4778 1124 4845; x_wconf 79' lang='lat' dir='ltr'><strong>Fabricius)</strong></span> <span class='ocrx_word' id='word_1_398' title='bbox 1139 4779 1266 4834; x_wconf 87' lang='lat' dir='ltr'><strong>ominans</strong></span> <span class='ocrx_word' id='word_1_399' title='bbox 1284 4779 1314 4834; x_wconf 88' lang='lat' dir='ltr'><em>D</em></span> <span class='ocrx_word' id='word_1_400' title='bbox 1336 4783 1346 4850; x_wconf 68' lang='grc'><strong>[1</strong></span> <span class='ocrx_word' id='word_1_401' title='bbox 1371 4787 1402 4834; x_wconf 80' lang='grc'><strong>11</strong></span> <span class='ocrx_word' id='word_1_402' title='bbox 1422 4781 1496 4834; x_wconf 85' lang='lat' dir='ltr'><strong>cuia·</strong></span> 
     </span>
     <span class='ocr_line' id='line_1_43' title="bbox 217 4849 1497 4922; baseline 0.002 -18"><span class='ocrx_word' id='word_1_403' title='bbox 217 4870 269 4905; x_wconf 86' lang='lat' dir='ltr'><strong>nus</strong></span> <span class='ocrx_word' id='word_1_404' title='bbox 287 4853 313 4904; x_wconf 85' lang='lat' dir='ltr'><em>L</em></span> <span class='ocrx_word' id='word_1_405' title='bbox 335 4855 345 4922; x_wconf 71' lang='grc'>1</span> <span class='ocrx_word' id='word_1_406' title='bbox 369 4858 401 4907; x_wconf 78' lang='grc'><strong>17</strong></span> <span class='ocrx_word' id='word_1_407' title='bbox 421 4852 559 4922; x_wconf 74' lang='lat' dir='ltr'><strong>sepulcro]</strong></span> <span class='ocrx_word' id='word_1_408' title='bbox 580 4867 613 4905; x_wconf 82' lang='lat' dir='ltr'><strong>ex</strong></span> <span class='ocrx_word' id='word_1_409' title='bbox 632 4850 760 4920; x_wconf 89' lang='lat' dir='ltr'><strong>sepulcro</strong></span> <span class='ocrx_word' id='word_1_410' title='bbox 779 4849 789 4904; x_wconf 89' lang='lat' dir='ltr'><strong>l</strong></span> <span class='ocrx_word' id='word_1_411' title='bbox 810 4850 820 4917; x_wconf 79' lang='lat' dir='ltr'><strong>l</strong></span> <span class='ocrx_word' id='word_1_412' title='bbox 842 4855 874 4902; x_wconf 82' lang='grc'><strong>21</strong></span> <span class='ocrx_word' id='word_1_413' title='bbox 894 4851 986 4903; x_wconf 87' lang='lat' dir='ltr'><strong>totam</strong></span> <span class='ocrx_word' id='word_1_414' title='bbox 1004 4865 1054 4904; x_wconf 76' lang='lat' dir='ltr'><strong>ceu.</strong></span> <span class='ocrx_word' id='word_1_415' title='bbox 1071 4849 1109 4902; x_wconf 82' lang='lat' dir='ltr'><em>M</em></span> <span class='ocrx_word' id='word_1_416' title='bbox 1125 4849 1192 4919; x_wconf 86' lang='lat' dir='ltr'><strong>quia</strong></span> <span class='ocrx_word' id='word_1_417' title='bbox 1209 4853 1299 4906; x_wconf 81' lang='lat' dir='ltr'><strong>totam</strong></span> <span class='ocrx_word' id='word_1_418' title='bbox 1317 4855 1497 4922; x_wconf 83' lang='lat' dir='ltr'><strong>superauerat</strong></span> 
     </span>
     <span class='ocr_line' id='line_1_44' title="bbox 218 4918 1194 4994; baseline 0.001 -18"><span class='ocrx_word' id='word_1_419' title='bbox 218 4923 328 4977; x_wconf 87' lang='lat' dir='ltr'><strong>misiam</strong></span> <span class='ocrx_word' id='word_1_420' title='bbox 347 4923 377 4976; x_wconf 81' lang='grc' dir='ltr'><em>Ε</em></span> <span class='ocrx_word' id='word_1_421' title='bbox 398 4926 408 4994; x_wconf 72' lang='grc' dir='ltr'><strong>ΙΙ</strong></span> <span class='ocrx_word' id='word_1_422' title='bbox 431 4930 466 4977; x_wconf 86' lang='grc'><strong>30</strong></span> <span class='ocrx_word' id='word_1_423' title='bbox 484 4922 686 4992; x_wconf 80' lang='lat' dir='ltr'><strong>intelleximus]</strong></span> <span class='ocrx_word' id='word_1_424' title='bbox 705 4922 804 4989; x_wconf 84' lang='lat' dir='ltr'><strong>incipit</strong></span> <span class='ocrx_word' id='word_1_425' title='bbox 824 4918 976 4974; x_wconf 80' lang='lat' dir='ltr'><strong>Oascellnni</strong></span> <span class='ocrx_word' id='word_1_426' title='bbox 994 4923 1137 4989; x_wconf 77' lang='lat' dir='ltr'><strong>quateenio</strong></span> <span class='ocrx_word' id='word_1_427' title='bbox 1158 4922 1194 4978; x_wconf 87' lang='lat' dir='ltr'><strong>X.</strong></span> 
     </span>
    </p>
   </div>
   <div class='ocr_carea' id='block_1_6' title="bbox 1231 5013 1283 5068">
    <p class='ocr_par' dir='ltr' id='par_1_14' title="bbox 1231 5013 1283 5068">
     <span class='ocr_line' id='line_1_45' title="bbox 1231 5013 1283 5068; baseline 0.077 -4"><span class='ocrx_word' id='word_1_428' title='bbox 1231 5013 1283 5068; x_wconf 77' lang='lat'><strong>17·</strong></span> 
     </span>
    </p>
   </div>
   <div class='ocr_carea' id='block_1_7' title="bbox 0 0 1822 5550">
    <p class='ocr_par' dir='ltr' id='par_1_15' title="bbox 0 0 1822 5550">
     <span class='ocr_line' id='line_1_46' title="bbox 0 0 1822 5550; baseline 0 0"><span class='ocrx_word' id='word_1_429' title='bbox 0 0 1822 5550; x_wconf 95' lang='lat' dir='ltr'><strong> </strong></span> 
     </span>
    </p>
   </div>
  </div>
 </body>
</html>
