3626 5558
541 361 654 417 canu.
673 363 714 418 m
732 362 839 422 vaae.
859 363 943 420 suu.
962 364 1008 418 111.
1028 370 1178 420 331-333.
1431 346 1506 432 401'

218 525 405 609 Aesculapio
428 546 504 592 aras
525 525 669 608 Apollini
690 531 822 593 sialulas
845 525 997 610 ‘patrias'
1020 528 1206 594 nmniualos.
1251 529 1310 594 olii
1332 531 1366 594 in
1389 531 1498 613 templo

219 631 380 715 Apollinis
403 633 509 699 dauni
530 655 621 698 arom
647 635 745 717 fuisse
770 637 953 717 inscriptam
975 637 1183 699 ΠΑΤΡΙΟΤ
1204 639 1500 702 ΑΠΟΛΛΩΝΟΣ

219 739 258 804 ab
280 739 344 818 noe,
366 741 449 822 quod
469 741 611 820 Icadius,
633 742 793 825 Apollinis
815 747 844 806 el
865 743 980 826 Lyciae
1001 741 1155 826 nymphae
1176 743 1271 827 lilius,
1293 763 1362 807 oum
1385 745 1420 808 in
1442 747 1496 810 aa

217 847 317 912 ullam
344 852 474 912 aninum
500 849 642 926 uenisset,
671 850 777 930 primo
808 849 961 931 cepionem
988 851 1022 916 iu
1050 871 1113 932 quo
1139 854 1233 914 nolus
1259 855 1326 914 aral
1352 873 1373 915 a
1399 857 1498 918 maire

218 954 349 1037 Lycum
371 955 551 1040 nominant,
574 955 682 1020 deiude
704 957 738 1020 in
761 976 797 1020 eo
819 956 924 1022 urbem
943 957 1087 1038 Apollini
1108 958 1368 1036 emzdidil„sortes
1390 965 1419 1024 el
1436 981 1497 1026 cor-
1516 970 1532 1018 5

219 1062 320 1126 lissam
342 1063 533 1146 consonavit,
555 1067 591 1140 el,
614 1066 650 1126 ul
671 1061 762 1126 illum
778 1067 902 1144 palrem
925 1083 987 1129 esse
1010 1069 1178 1148 testaretur,
1201 1063 1323 1130 Pomra
1346 1069 1497 1148 capnomi·

218 1168 315 1232 auvil.
360 1168 432 1232 inde
454 1189 523 1232 eum
545 1167 678 1232 ltaliam
694 1173 822 1250 peierel,
845 1169 1013 1254 naufrapio
1035 1176 1162 1236 amalus
1183 1170 1321 1254 delphini
1344 1177 1425 1256 lerpo
1447 1195 1497 1238 en-

218 1279 319 1356 ceptus
340 1275 454 1340 dieiim
476 1295 513 1340 aa
529 1295 627 1358 prope
649 1273 831 1342 Parnasum
858 1282 990 1342 monum
1012 1278 1132 1344 delatas
1148 1280 1239 1361 palri
1260 1278 1405 1360 Apollini
1428 1286 1498 1345 um-

213 1381 306 1463 plum
329 1382 518 1447 consliluisse
542 1387 570 1446 el
591 1402 612 1445 a
635 1380 776 1464 delpluino
800 1383 898 1448 locum
920 1383 1058 1467 Debshos
1084 1385 1265 1468 appellasse,
1292 1406 1368 1451 aras
1390 1387 1498 1454 wude

219 1487 362 1568 Apollini
385 1474 544 1571 tamquam
560 1489 652 1571 patri
673 1508 873 1574 consecrasse,
900 1510 978 1573 quus
1002 1491 1110 1573 ferunt
1135 1491 1223 1574 eulpa
1241 1493 1366 1574 patrias
1389 1495 1496 1560 duma.
1518 1505 1550 1554 10

219 1591 292 1657 birsa
313 1614 382 1676 erpo
405 1599 434 1659 el
455 1591 634 1677 delphinum
656 1595 748 1660 oinenl
770 1597 851 1660 inter
872 1616 963 1661 sacra
975 1597 1135 1678 Apollinis
1152 1603 1319 1680 receptum
1343 1601 1430 1666 euius
1452 1603 1499 1666 rei

216 1701 376 1782 omimium
391 1705 453 1790 ⁸est
483 1701 565 1784 qnod
593 1700 738 1784 hodieque
767 1703 1080 1784 quindecimuirorum
1112 1706 1239 1770 sortione
1269 1705 1431 1788 delphin-ns
1464 1709 1498 1772 in

217 1827 336 1872 summo
355 1808 485 1889 ponilur
506 1813 536 1872 el
550 1808 656 1890 pridie
678 1828 772 1889 quarn
794 1810 982 1891 sacrificinm
997 1810 1128 1891 faoisml,
1152 1812 1232 1876 celiel
1249 1813 1419 1895 symbolum
1436 1815 1497 1880 del-

211 1912 332 1998 phinas
353 1914 576 1998 circumfertur,
600 1915 635 1980 ob
657 1914 712 1980 boc
733 1915 854 1996 scilicet,
876 1918 951 1999 anio
973 1919 1207 1999 quindecimviri
1230 1918 1378 1984 librorum
1397 1920 1497 2004 Sibyl-

218 2020 355 2084 linomm
385 2025 459 2085 sunl
490 2022 654 2100 antistites,
686 2019 807 2105 Sibpllo
838 2027 941 2088 antem
971 2024 1133 2106 Apollinis
1163 2029 1246 2090 uates
1277 2031 1306 2090 el
1336 2027 1497 2110 delphinus
1517 2040 1549 2088 lu

215 2126 362 2224 Apollini
388 2146 474 2192 sacer
501 2133 553 2192 esi.
598 2130 755 2194 inuenitur
787 2135 890 2194 laum
921 2131 1006 2213 apud
1034 2129 1234 2214 Cornificium
1257 2132 1414 2219 meum,
1441 2135 1498 2200 Ia-

212 2235 325 2318 pydem
347 2239 376 2299 ei
397 2232 542 2300 Icadium
558 2236 712 2318 profectos
733 2233 860 2301 adreio
881 2237 917 2300 in
939 2238 1075 2302 diuersas
1096 2239 1232 2321 rapientes
1254 2240 1378 2325 uenisse,
1401 2241 1496 2324 Iapy-

216 2342 284 2405 dem
306 2342 349 2406 ad
366 2341 506 2428 Italiam,
529 2342 674 2408 leodium
696 2363 766 2406 vero
788 2343 862 2407 duce
884 2343 1025 2426 delphino
1047 2345 1091 2409 ool
1107 2349 1239 2410 moniam
1259 2343 1447 2426 Parnasum,
1470 2354 1499 2414 el

216 2469 237 2511 a
259 2448 333 2513 duce
345 2446 481 2530 Delphos
503 2449 740 2534 oopnominasse,
763 2453 793 2512 el
813 2450 849 2514 in
871 2451 1052 2516 manniam
1071 2454 1179 2534 paulis,
1202 2473 1239 2518 en
1261 2473 1324 2534 pica
1344 2455 1497 2536 profectus

215 2559 294 2638 era'i,
321 2555 507 2620 manantes
529 2575 652 2638 campos
675 2553 816 2622 Crisaeos
838 2557 884 2622 uel
907 2555 1047 2624 Orelams
1069 2559 1251 2644 appellasse,
1278 2563 1308 2623 ei
1328 2581 1404 2627 aras
1427 2583 1496 2628 con·
1515 2551 1549 2621 2'0

216 2662 359 2729 slilnisse.
1251 2671 1256 2680 ⁴

304 2768 379 2834 333.
415 2779 543 2836 asnoios
576 2789 661 2835 more
687 2770 778 2835 asuri
799 2792 861 2853 pro
890 2770 993 2838 ‘dota'
1017 2774 1229 2856 accipiendum
1251 2780 1311 2842 esl:
1340 2773 1403 2840 ‘re'
1427 2797 1496 2860 erpo

214 2875 360 2942 obtendat.
404 2875 533 2940 Ennius
554 2877 727 2942 annalibus.
748 2879 797 2942 ad
822 2878 893 2944 illa
921 2880 1071 2946 reddila
1099 2887 1264 2965 nuptam,
1296 2887 1325 2946 el
1346 2882 1423 2948 alibi
1444 2885 1494 2948 is·

215 3003 282 3066 que
303 2984 381 3049 dies
398 2987 484 3066 post
504 2987 570 3048 aul
591 2983 745 3059 Marcus
767 3007 874 3068 quom
889 3007 1011 3069 repua
1033 2990 1171 3076 recepit
1187 3010 1249 3071 pro
1270 2992 1393 3072 acupil.
1439 2995 1496 3062 aut

216 3087 377 3168 ‘reddito',
399 3091 481 3172 quod
501 3089 621 3156 Heleno
644 3093 805 3158 moulan
828 3095 1000 3177 imperium.
1096 3112 1215 3161 casem
1239 3114 1324 3162 enas
1350 3113 1494 3163 ueneno
1514 3107 1547 3156 25

216 3219 275 3281 per
297 3197 493 3282 privignum,
515 3201 553 3262 ui
576 3198 715 3264 diximus
739 3199 856 3285 <297>.
911 3267 914 3272 ,

215 3343 427 3354 *—

286 3415 320 3463 23
339 3409 446 3464 Ennius
465 3407 626 3481 annalibus]
646 3410 667 3480 l,
686 3409 748 3464 XLI
766 3428 811 3481 ap.
831 3409 938 3482 vahl-ll
952 3413 982 3468 et
1000 3412 1081 3486 alibi]
1101 3430 1164 3468 ann.
1184 3413 1219 3484 ΙΙ,
1237 3412 1329 3468 XVIII
1348 3432 1392 3485 ap.
1412 3413 1495 3473 Vahl.

285 3611 300 3658 2
319 3621 435 3659 nausias
453 3621 613 3660 anennonoc
633 3605 664 3659 F
689 3623 807 3662 ueneror
826 3623 988 3662 anonnoroe
1009 3608 1035 3660 T
1051 3609 1061 3676 {l
1079 3615 1095 3662 3
1114 3608 1220 3664 icadios
1239 3609 1270 3664 F
1289 3612 1299 3680 ΙΙ
1324 3612 1434 3682 nyphae
1453 3613 1494 3683 ly-

214 3692 280 3744 cyae
300 3675 331 3729 F
355 3675 438 3731 liciae
457 3677 589 3746 nimphae
610 3677 636 3731 Τ
652 3678 662 3746 u
680 3682 696 3731 ὅ
716 3677 800 3732 licien
820 3677 852 3732 F
862 3681 872 3748 ss
889 3679 986 3734 urbem
1005 3696 1115 3748 quoque
1134 3681 1261 3750 Danieli!
1280 3690 1295 3738 6
1314 3683 1416 3738 Patara
1434 3684 1493 3738 Da·

213 3748 270 3801 niel
282 3749 292 3817 ΙΙ
311 3752 325 3801 '1
346 3747 457 3818 finagio
477 3747 508 3802 F
519 3751 528 3816 ΙΙ
548 3748 683 3818 delphyni
703 3748 734 3802 F
744 3750 754 3820 ΙΙ
773 3755 789 3805 9
808 3767 826 3804 a
844 3767 894 3804 oin,
915 3749 966 3819 Fu
985 3750 1122 3819 apellasse
1141 3751 1172 3806 F
1182 3753 1192 3821 ΙΙ
1208 3758 1240 3806 10
1259 3751 1353 3808 ferunt
1370 3771 1419 3810 orn.
1440 3754 1470 3808 F
1486 3755 1494 3824 {l

215 3823 247 3872 11
267 3818 358 3889 sacra]
379 3822 490 3875 sacrata
509 3819 636 3888 Danieli
652 3826 684 3875 12
703 3820 851 3891 delphinos
870 3821 901 3874 F
911 3823 921 3890 ΙΙ
934 3821 964 3875 in
982 3839 1090 3877 summo
1109 3824 1214 3878 honore
1232 3823 1346 3894 ponitur
1364 3825 1468 3880 Daniel
1486 3826 1495 3945 l

218 3896 250 3943 13
270 3889 360 3960 pridie
379 3908 465 3958 quum
483 3891 666 3946 Burmannus
684 3897 709 3945 et
722 3892 797 3946 Lion
810 3895 820 3962 ΙΙ
833 3891 939 3947 iaciant
953 3892 1005 3962 Fn
1021 3900 1053 3947 14
1072 3894 1266 3964 sybillinorum
1285 3901 1309 3950 ci
1327 3896 1430 3965 sybilla
1444 3897 1474 3950 F
1485 3899 1494 3968 l,

217 3967 249 4014 15
269 3960 385 4016 delfinos
400 3961 452 4031 Ρη
467 3968 499 4015 16
515 3961 677 4017 Cornificius
696 3962 744 4018 lon
784 3981 796 4017 s
816 3963 857 4017 ait
874 3962 1015 4032 iaspidem
1033 3966 1062 4019 ei
1076 3964 1211 4020 loaolium
1224 3965 1366 4036 profectos
1381 3984 1399 4021 a
1412 3967 1495 4022 Creta

215 4031 244 4085 in
263 4031 388 4086 diuersas
406 4032 534 4102 regiones
552 4033 660 4087 uenisse
679 3981 805 4103 Iapidlm
824 4035 860 4088 ad
874 4034 987 4089 ltaliam
1001 4035 1137 4091 lcaolium
1156 4053 1223 4092 uero
1242 4037 1311 4092 duce
1330 4037 1439 4093 Delfino
1458 4040 1494 4094 ad

218 4106 341 4158 montem
360 4103 529 4159 Parnassum
555 4108 584 4158 eb
609 4103 720 4160 aDuce
739 4105 862 4176 Delphos
888 4107 1047 4162 nominasse
1073 4110 1103 4162 et
1120 4108 1149 4162 in
1168 4109 1331 4163 memoriam
1349 4110 1441 4180 gentis
1461 4128 1495 4165 ex

214 4174 1044 4318 bisinianenillisusalsissimi
1056 4177 1179 4304 {ebe
1189 4181 1494 4322 aliundene.

215 4321 248 4371 18
268 4315 333 4370 duci
351 4316 383 4369 F
398 4317 408 4386 ll
427 4323 460 4371 20
479 4320 508 4372 ei
526 4334 576 4372 om.
595 4317 627 4372 F
641 4320 651 4389 ΙΙ
670 4325 703 4373 23
723 4319 851 4373 analibus
869 4319 901 4374 F
934 4319 964 4374 in
983 4320 1139 4375 Annalibus
1158 4322 1262 4376 Daniel
1284 4326 1294 4392 ΙΙ
1313 4321 1414 4377 nuilla
1432 4276 1493 4378 real

215 4386 276 4440 dila
294 4389 412 4456 nuptum
431 4388 536 4443 Daniel
560 4391 595 4444 ut
613 4389 664 4444 Ilia
682 4389 793 4445 reddita
811 4392 930 4461 nuptum
950 4391 1130 4446 Oommelinas
1143 4393 1152 4462 l
1166 4399 1201 4446 24
1219 4394 1344 4463 recoepii
1361 4393 1392 4446 F
1413 4393 1492 4463 isque

215 4457 275 4512 dies
298 4461 448 4528 postquam
470 4459 563 4514 Ancus
587 4461 708 4526 Marcius
731 4479 819 4532 regna
842 4461 948 4532 recapit
970 4463 1008 4518 Η.
1027 4463 1166 4532 Ilberpias
1192 4466 1201 4534 ΙΙ
1228 4464 1415 4534 praecoepit.
1443 4468 1494 4520 aab

215 4528 358 4596 ‘reddita',
382 4529 458 4598 quod
476 4531 582 4587 Heleno
602 4532 757 4587 debebatur
774 4533 792 4588 i.
818 4531 968 4588 Volslcnns:
987 4536 1016 4588 ei
1034 4552 1085 4604 pro
1104 4541 1221 4604 accepta
1239 4540 1271 4590 ut
1288 4535 1400 4590 reddita
1417 4536 1493 4606 quod

211 4599 313 4655 heleno
327 4600 447 4656 debatur
460 4601 478 4656 i.
489 4601 520 4655 F
536 4602 672 4658 debeatur
685 4603 721 4659 F.
732 4603 906 4675 Scluoellinsll
920 4611 954 4660 25
973 4623 1087 4660 nsnmrs
1102 4622 1158 4674 quo
1172 4607 1254 4660 modo
1267 4607 1410 4676 ‘reddiba',
1429 4625 1493 4662 cum

217 4673 327 4726 constet
344 4673 482 4727 Helenum
500 4673 585 4728 fuisse
604 4674 754 4729 Troianum
772 4675 877 4734 necde
896 4677 1014 4731 Graecia
1031 4677 1119 4731 ullam
1138 4676 1266 4732 habuisse
1284 4679 1413 4746 parbem?
1431 4679 1493 4732 red-

213 4742 278 4798 dere
303 4746 398 4798 aniam
422 4747 465 4800 est
487 4744 584 4799 datum
603 4746 734 4817 recipere.
768 4746 885 4802 solvitur
903 4747 954 4801 sic:
977 4747 1087 4803 reddita
1105 4748 1134 4802 id
1153 4751 1196 4802 esi
1213 4749 1303 4803 data·
1319 4748 1410 4804 Cessit
1427 4765 1494 4819 ergo

212 4831 278 4883 pars
296 4815 405 4870 Heleno
423 4832 474 4887 per
492 4815 652 4888 privignum
670 4818 702 4871 ut
721 4817 841 4872 diximus
859 4819 889 4872 D
902 4819 912 4889 l
925 4823 960 4873 26
978 4817 1110 4890 diximus]
1129 4837 1214 4889 supra
1231 4821 1295 4875 add.
1315 4821 1354 4874 Μ
1356 4837 1370 4875 e

268 4913 342 4955 Servii
355 4925 436 4956 comm.
451 4915 502 4958 Vol
517 4915 536 4956 1.
550 4916 617 4959 Fuso.
629 4916 650 4957 Ι.
1246 4913 1281 4962 26
