3636 5550
340 491 405 556 214
917 491 1036 547 SERVII

429 657 458 724 8.
496 679 649 722 rnnrsner
669 654 827 721 meent.

427 762 457 828 9.
494 777 722 827 Pnsncfflnnu
745 783 804 845 pro
827 761 1075 845 praecipitatur:
1104 762 1238 827 verbum
1259 782 1320 845 pro
1342 761 1456 844 verbo,
1479 765 1516 828 ut
1538 763 1618 828 dixi·

341 891 420 934 mus.
510 871 539 931 et
563 867 644 931 denos
670 887 781 933 consae
806 869 994 950 praetendit,
1025 868 1135 950 penitus
1163 867 1238 932 dicit
1265 887 1329 933 non
1354 887 1444 950 posse
1474 871 1619 935 universo

340 976 483 1058 narret,
510 973 644 1038 detrrem
667 978 695 1037 et
719 978 845 1056 tempta
934 991 1113 1038 onnsnmn
1138 990 1264 1038 smnus
1293 961 1351 1038 ent
1377 973 1546 1058 epitheton
1569 980 1619 1041 est

306 1082 497 1164 nudorum,
525 1101 607 1164 quae
635 1101 761 1164 semper
789 1084 822 1146 et
845 1081 993 1146 emuntur
1016 1083 1050 1146 et
1073 1080 1235 1165 occidunt3
1264 1085 1322 1146 aut
1349 1085 1436 1146 certe
1463 1083 1619 1148 maiorem

340 1193 466 1274 partem
489 1186 594 1252 noctis
618 1186 689 1251 vult
712 1209 782 1252 esse
805 1191 1015 1252 transactam.
1055 1187 1240 1270 persidem
1261 1193 1363 1253 entem
1385 1193 1501 1254 entem
1522 1191 1620 1272 etpni-

340 1297 426 1380 fieot,
447 1316 526 1378 penae
548 1304 668 1360 somnos
689 1295 825 1359 suadeat.

433 1403 482 1466 10.
525 1406 630 1466 (iesvs
663 1416 892 1466 coenosam
925 1400 1222 1485 cognoscendorum
1254 1423 1401 1466 casuum:
1433 1408 1466 1467 et
1498 1403 1620 1468 Graece

342 1511 447 1594 figura
471 1513 529 1573 est.
565 1506 677 1573 ‘mens'
700 1513 802 1572 annm
822 1508 995 1590 fortunam,
1017 1507 1176 1589 pennata·
1199 1529 1275 1573 nem
1299 1510 1328 1573 si
1352 1508 1501 1574 ‘mortem'
1524 1510 1619 1575 dieis·

291 1631 324 1679 10
342 1623 399 1695 set,
423 1612 621 1680 ‘nostrornm'
644 1615 746 1680 debet
769 1615 873 1679 dicere.

434 1722 485 1786 11.
526 1737 570 1784 nr
602 1737 779 1786 ennvlnnu
810 1720 1017 1805 praescribit,
1050 1721 1126 1806 quia
1153 1719 1239 1785 Dido
1271 1719 1398 1787 dixerat
1425 1721 1570 1807 <1753>
1601 1745 1621 1788 e

343 1830 468 1915 prima
490 1827 564 1912 dio,
593 1827 748 1911 hospes,
771 1827 929 1911 origine
951 1827 1071 1892 nobis.
1117 1848 1187 1911 erpo
1209 1849 1273 1893 non
1294 1829 1338 1893 od
1357 1828 1494 1894 Didonis
1515 1830 1620 1896 volun·

344 1941 449 2013 tenen,
476 1935 529 1999 sed
554 1934 716 1998 nonanto
743 1934 889 2015 officinm.
934 1938 963 1998 et
983 1933 1165 2014 pudendam
1191 1932 1242 1998 tio
1263 1933 1465 2017 hysterolopio
1487 1935 1620 2012 ceddum

341 2044 432 2125 prins
459 2043 541 2106 enim
568 2045 624 2118 eet,
651 2045 686 2105 nt
710 2040 822 2104 Tronee
848 2040 994 2117 lotorem
1018 2044 1090 2122 poet
1116 2039 1239 2104 Aeneae
1265 2061 1354 2106 eosne
1380 2047 1533 2124 opnoeoat

293 2161 325 2212 15
345 2173 506 2214 serenum
524 2151 726 2230 postrenum,
753 2145 898 2210 nttimnm
924 2145 1005 2210 dicit.
1051 2146 1233 2210 eversionem
1259 2147 1341 2210 enirn
1366 2146 1479 2212 Troiae
1501 2152 1621 2212 tantm

223 2325 228 2336 ,
344 2256 466 2322 eruisse
486 2253 695 2338 operiente
717 2257 837 2316 namot.

436 2363 485 2427 12.
522 2377 721 2438 ovenovsn
740 2375 871 2424 nurnvs
891 2374 1078 2423 nnummsn
1097 2374 1238 2424 nonnsr
1262 2357 1484 2444 ‘quemquam’
1508 2361 1622 2426 melius

344 2467 509 2553 praesenti
536 2467 682 2552 iungitur
709 2465 862 2549 tempori,
889 2468 927 2530 ut
954 2463 1167 2548 ‘quamquam
1196 2465 1276 2550 scio,
1304 2487 1501 2550 quamquam
1524 2465 1624 2551 lego'.

345 2575 431 2660 quod
454 2578 564 2639 sutem
588 2572 671 2638 dixit
694 2571 896 2637 ‘meminisse
919 2569 1046 2635 horret'
1071 2569 1222 2636 defectivi
1244 2571 1335 2637 verbi
1363 2573 1449 2637 ratio
1473 2577 1537 2654 est3
1565 2595 1624 2638 nec

293 2695 327 2744 2ο
346 2681 431 2747 enim
455 2681 564 2765 potuit
586 2680 692 2744 dicere
716 2677 924 2743 ‘meminere'.
962 2677 1051 2742 etin
1074 2677 1126 2742 his
1150 2697 1234 2762 quae
1257 2682 1411 2762 corrupta
1433 2681 1510 2743 sunt
1531 2683 1624 2744 natu·

345 2787 472 2870 raliter‚
496 2791 533 2852 ut
551 2784 629 2851 ‘odi'
653 2783 753 2849 ‘novi'
775 2781 985 2848 ‘memini’et
1003 2783 1125 2868 omnia,
1149 2787 1298 2867 tempora
1315 2805 1399 2868 quae
1417 2785 1625 2850 inveniuntur

323 2897 380 2959 et
408 2915 465 2958 suo
494 2897 527 2956 et
555 2891 692 2956 aliorum
719 2890 899 2973 funguntur
926 2889 1047 2974 officio,
1075 2893 1112 2954 ut
1139 2888 1298 2955 ‘memini’
1325 2891 1538 2973 praeteritum
1567 2895 1625 2976 est,

346 3000 485 3085 legimus
509 3002 619 3063 temen
639 3001 672 3062 et
694 2996 849 3062 memini
872 2996 1017 3080 videre,
1041 3017 1113 3080 quo
1138 2995 1298 3080 aequior
1322 3018 1402 3062 sum
1420 2995 1624 3082 Pamphilo

347 3110 381 3171 et
403 3105 559 3171 memini
583 3127 638 3168 me
658 3103 834 3170 turribus
854 3103 949 3168 eltis
969 3099 1174 3188 Corycium
1192 3101 1342 3167 vidisse
1366 3123 1502 3168 senem.
1539 3104 1625 3189 quod

294 3225 328 3276 25
348 3211 377 3276 si
395 3213 434 3276 fit
451 3215 486 3276 et
503 3211 536 3275 in
555 3210 663 3275 verbis
681 3209 835 3294 integris,
857 3212 894 3272 ut
913 3207 1083 3292 <111282>
1101 3209 1210 3273 iuvat
1229 3207 1401 3274 evasisse
1419 3211 1480 3273 tot
1497 3210 1626 3295 urbes,

348 3322 470 3403 quanto
494 3317 599 3402 magis
622 3317 657 3380 in
681 3315 863 3398 corruptis?
952 3331 1105 3380 nervom
1133 3317 1266 3399 propter
1289 3319 1428 3381 metrum
1451 3338 1510 3400 pro
1534 3339 1625 3400 prae·

348 3425 432 3489 senti
454 3423 667 3509 praeteritum
691 3422 810 3507 posuit.

439 3532 661 3638 1331umr1nn
686 3531 765 3595 deest
794 3527 930 3613 ‘nmen’,
958 3531 1046 3612 qnia,
1077 3550 1146 3594 seem
1169 3530 1376 3613 praeponitur
1406 3527 1626 3616 ‘quenquam

418 3710 435 3759 8
454 3705 710 3776 cognoscendorum
728 3704 855 3828 casuum)
876 3703 909 3757 of.
926 3703 1048 3760 Macrob.
1063 3704 1089 3760 d.
1105 3702 1161 3758 diff.
1181 3704 1210 3758 et
1228 3719 1282 3758 soc.
1302 3721 1343 3828 Ἠ.
1359 3703 1409 3760 lat.
1423 3723 1449 3773 q.
1463 3704 1542 3759 verbi
1561 3704 1625 3760 XIX

348 3783 380 3831 31
408 3779 419 3845 1
445 3783 480 3830 20
504 3779 533 3830 et
554 3777 584 3830 in
607 3775 650 3830 his
673 3792 697 3830 e.
717 3793 743 3845 q.
763 3775 797 3845 s.]
822 3792 856 3830 c.
878 3775 967 3830 Servii
992 3773 1107 3846 [Sergii]
1132 3791 1231 3829 comm.
1257 3773 1287 3827 in
1335 3793 1378 3832 on.
1403 3793 1430 3844 p.
1450 3780 1511 3843 437,
1532 3784 1543 3829 1
1565 3775 1598 3831 Κ.
1617 3777 1627 3846 11

347 3854 381 3903 25
401 3847 516 3902 memini
539 3845 647 3919 videre]
671 3846 733 3900 Ter.
754 3846 838 3900 Andr.
856 3846 882 3899 H
901 3851 930 3914 5,
950 3851 992 3901 18.
1030 3846 1065 3900 cf.
1085 3845 1154 3899 Don.
1177 3844 1304 3900 adhunc
1327 3863 1398 3900 vers.
1421 3847 1431 3916 1
1458 3852 1493 3900 24
1511 3845 1627 3901 memini

347 3919 405 3988 me]
424 3935 519 3989 georg.
539 3916 577 3972 IV
598 3923 649 3972 125

420 4085 434 4132 1
455 4079 493 4134 od
512 4095 534 4132 e.
554 4084 570 4133 8
595 4079 745 4148 Temperet
782 4075 929 4132 abstineat.
952 4076 980 4130 P
999 4079 1009 4146 1
1031 4081 1047 4130 2
1067 4077 1104 4130 ud
1122 4093 1146 4130 o.
1166 4082 1182 4131 9
1205 4075 1389 4146 Praecipitat]
1416 4076 1625 4148 praecipitatur.
1667 4123 1671 4130 .

348 4147 463 4204 verbnm
488 4165 540 4219 pro
561 4149 655 4205 verbo.
694 4149 714 4202 C
752 4149 830 4204 entia
847 4147 950 4219 sidera]
975 4149 1025 4203 ant
1047 4147 1193 4216 epitheton
1214 4187 1219 4200 .
1239 4188 1246 4200 .
1267 4189 1273 4200 .
1293 4147 1418 4202 suadeat.
1440 4148 1468 4202 P
1487 4151 1498 4218 1
1519 4147 1626 4204 dictum

349 4223 393 4275 est
411 4220 484 4290 016
504 4219 577 4290 vult]
597 4219 667 4274 dicit
686 4219 713 4272 P
724 4220 764 4288 18
783 4219 821 4274 od
838 4235 863 4276 v.
884 4225 917 4272 10
931 4225 955 4274 et
971 4225 1002 4273 11
1024 4217 1110 4274 Casus
1129 4217 1309 4288 cognoscere]
1328 4217 1482 4288 fortunam,
1502 4219 1627 4290 pericula

348 4291 531 4362 (periculam).
563 4293 592 4344 et
609 4289 739 4345 breuiter.
778 4289 956 4372 Supremnm]
976 4292 1162 4359 postremum,
1181 4287 1319 4344 ultimum.
1342 4289 1369 4342 P
1431 4293 1628 4346 testantem

348 4379 432 4432 greca
450 4362 541 4432 figura
555 4361 598 4431 011
615 4368 644 4415 11
661 4361 840 4430 praescripsit
854 4360 898 4429 01
913 4366 945 4415 12
964 4377 982 4414 a
1000 4360 1091 4430 prima
1105 4361 1140 4414 O:
1158 4360 1250 4430 prima
1264 4359 1329 4413 ΕΗ
1332 4361 1370 4413 Μ
1373 4360 1401 4413 P.
1415 4363 1425 4430 1
1440 4365 1472 4415 15
1488 4381 1626 4416 svnnsuvn

350 4433 385 4486 0²
404 4437 414 4502 1
436 4438 470 4488 20
490 4439 637 4502 corruptae
656 4431 718 4485 LE
736 4433 746 4502 1
768 4431 934 4486 naturaliter
953 4447 1000 4486 om,
1023 4431 1073 4500 011
1096 4437 1129 4486 21
1148 4430 1214 4486 nori
1232 4430 1313 4500 coepi
1332 4431 1446 4486 memini
1463 4433 1544 4500 vntpo
1566 4434 1576 4502 ΙΙ
1599 4434 1628 4488 et

349 4504 443 4558 omnia
461 4503 535 4570 ΖΗ,
559 4503 653 4561 0550
683 4503 777 4558 omnia
797 4503 832 4556 Μ
838 4503 882 4555 Ei
903 4505 913 4571 1
934 4503 1073 4574 tempora]
1099 4502 1155 4558 dno
1177 4502 1349 4572 temporat)
1372 4503 1383 4571 1
1410 4509 1443 4556 22
1463 4503 1630 4574 tingiturO

348 4575 512 4646 (funguntur
527 4574 571 4644 θ’)
584 4577 595 4644 1
608 4577 639 4628 nt
657 4573 771 4628 memini
791 4572 884 4629 nidere
903 4591 958 4642 quo
977 4572 1074 4644 nquior
1093 4593 1154 4629 sum
1173 4572 1318 4644 pamphilo
1336 4574 1520 4642 praeteritum
1538 4577 1581 4630 est
1599 4577 1628 4629 et

348 4646 463 4700 memini
487 4645 620 4701 coricium
644 4647 695 4715 (eie
714 4645 748 4700 0¹
766 4644 885 4700 coicinm
905 4645 939 4712 0)
960 4645 1063 4700 uidisse
1087 4661 1181 4700 senem
1205 4660 1260 4713 qno
1283 4645 1316 4698 fit
1338 4646 1367 4698 et
1386 4643 1439 4714 01
1466 4651 1500 4700 25
1520 4645 1626 4718 videre]

348 4717 444 4772 uidere
458 4732 475 4771 o
490 4717 543 4787 Η1
556 4733 611 4786 quo
626 4733 659 4771 ea
673 4733 728 4790 que
744 4716 781 4770 M
792 4718 802 4786 1
816 4715 976 4786 Pamphilo,
995 4717 1044 4771 ubi
1058 4715 1241 4786 praeteritum
1255 4731 1387 4785 praesens
1402 4715 1541 4786 signifieat
1559 4715 1628 4771 item

350 4787 464 4870 memini
478 4787 507 4841 D
525 4789 535 4856 1
554 4795 588 4842 25
603 4787 739 4870 enassisse
754 4787 803 4857 01
821 4792 855 4842 28
874 4789 911 4842 ad
924 4805 949 4844 v.
966 4794 998 4842 13
1017 4787 1166 4859 lncipism]
1186 4786 1266 4841 deest
1281 4789 1384 4868 tamen
1417 4785 1496 4842 Fatis
1509 4787 1627 4914 repulsoi']

350 4859 479 4927 oraculis,
498 4861 531 4912 nt
548 4861 591 4914 est
611 4859 686 4912 ‘enm
705 4875 784 4928 virgo
803 4875 917 4928 poscere
937 4861 1123 4929 (poposcerat)
1141 4857 1221 4912 fate'
1243 4857 1271 4911 P
1287 4859 1297 4926 11
1315 4874 1381 4927 qurs
1400 4897 1406 4912 .
1426 4902 1433 4914 .
1454 4902 1459 4913 .
1479 4859 1573 4913 tamen

350 4931 383 4984 tn
400 4947 486 5000 morp.
505 4946 565 5000 snp.
585 4930 691 4986 &tondi
708 4931 787 5001 eipno
804 4946 887 5000 snper
904 4931 998 4984 tamen
1018 4931 1146 4986 collocato
1159 4931 1169 4998 1
1182 4944 1343 4998 quenquam
1362 4927 1397 4984 0¹
