3590 5558
328 467 372 530 24
904 465 1023 520 sanun

329 631 414 716 quod
437 629 585 694 exhibuit
607 627 669 694 diis
692 633 819 694 remota
839 628 945 714 Hebe,
967 628 1101 694 Iunonis
1120 627 1202 712 filia,
1226 628 1279 692 vel
1298 629 1382 712 quod
1401 629 1487 694 inter
1506 630 1612 696 sidera

329 736 515 802 conlocatus
539 734 663 819 aquarii
685 756 804 800 nomen
827 735 958 818 accepit.
1005 755 1074 818 crya
1096 736 1245 800 irascitur
1265 734 1349 798 Iuno
1376 737 1458 816 qnod
1483 758 1546 802 rou
1575 739 1611 803 ab

327 844 382 908 boo
409 848 528 907 tartum
546 841 664 924 'raptus
692 843 745 919 sit,
772 847 809 906 ut
829 842 944 924 peada
970 843 1174 920 ministraret,
1202 841 1255 906 sod
1279 842 1362 924 quod
1387 843 1454 906 ideo
1479 845 1612 910 uiolatus

327 950 380 1032 sit,
403 955 439 1014 at
465 950 585 1014 diuinos
610 947 739 1014 lmuorcs
765 953 1001 1031 consequemur.
1047 954 1104 1012 aut
1132 945 1290 1012 ‘honores'
1315 952 1443 1030 proptm
1466 949 1612 1035 fororum,

294 1062 364 1122 sut
385 1061 417 1121 et
440 1057 555 1121 laetos
577 1055 695 1120 oculis
717 1056 890 1137 adflarat
910 1055 1074 1121 bonores.
1114 1075 1189 1120 same
1211 1053 1260 1118 ba
1283 1053 1475 1137 Gaumucdes
1498 1057 1612 1124 Latiare

328 1161 502 1229 Catamitus
527 1163 654 1241 dicitur,
682 1162 750 1228 lieet
778 1143 1210 1246 mamliu‚'qui1aaoas
1237 1181 1286 1226 res
1311 1163 1504 1247 perscripsit,
1533 1164 1613 1231 leuno

327 1270 424 1350 fuisse
452 1270 548 1336 Belin
575 1268 769 1335 Chaldaeum
798 1270 881 1334 duat
914 1275 942 1334 ct
973 1269 1171 1334 Εαοηιεᾱοηίί
1198 1270 1404 1354 praedim'ssc,
1435 1276 1506 1336 tuma
1529 1274 1613 1354 perio

329 1383 433 1440 terram
455 1383 483 1441 et
505 1379 659 1442 ciuitatem
681 1381 710 1440 et
731 1374 859 1458 reorum
883 1376 1069 1458 Traianum,
1099 1395 1169 1439 oum
1191 1377 1228 1439 de
1249 1381 1350 1441 amate
1372 1377 1487 1442 Metios
1508 1383 1613 1460 sponte

296 1517 306 1532 ·
326 1483 436 1563 feiuset
456 1504 569 1549 sanum
591 1484 748 1566 elapsum:
770 1483 852 1565 qarod
873 1503 942 1546 urm
961 1483 1115 1560 comissa,
1133 1487 1240 1564 postea
1260 1483 1360 1547 Ilium
1383 1503 1445 1549 esse
1467 1486 1612 1549 dimitam.

277 1607 310 1655 10
418 1590 471 1654 29.
506 1607 563 1654 ms
596 1605 754 1653 Accensa
786 1604 898 1652 svcan
931 1587 996 1652 ‘his
1030 1586 1141 1670 super'
1172 1589 1228 1652 aut
1260 1587 1298 1652 de
1330 1588 1395 1674 his,
1428 1569 1485 1654 aut
1516 1613 1611 1674 super

329 1701 453 1761 metum
476 1694 685 1780 Carthaginis
707 1695 759 1759 his
786 1717 913 1779 quoque
937 1716 1079 1760 accensa.

418 1804 470 1868 30.
509 1829 597 1870 rsors
618 1803 697 1866 bona
719 1802 892 1866 oeconomia
919 1801 1061 1884 ostendit,
1089 1805 1185 1864 totum
1209 1821 1306 1884 acuas
1330 1803 1540 1868 Troianorum
1562 1806 1611 1870 im

329 1912 429 1976 uisam
454 1910 551 1991 fuisse
573 1907 705 1988 Iunoni,
732 1908 807 1990 quia
834 1909 992 1973 inlatumrs
1021 1913 1065 1972 est
1086 1908 1265 1972 Mineruam
1294 1909 1329 1973 ob
1356 1910 1452 1976 unius
1477 1910 1612 1977 bominis

330 2018 471 2082 delictum
498 2019 591 2081 etiam
618 2037 667 2082 eos
693 2036 768 2097 quos
795 2021 953 2080 amaverat
974 2014 1153 2096 perdidisse.
1243 2033 1455 2093 animosus
1483 2020 1521 2081 ut
1549 2022 1615 2082 stet
1695 2017 1697 2019 ’
1785 1966 1786 2050 i

279 2139 311 2188 15
331 2145 442 2188 versus
473 2122 652 2209 geminavit
680 2120 706 2206 l,
741 2142 816 2185 nam
846 2120 880 2184 in
910 2142 1008 2204 prosa
1036 2119 1192 2204 reliquias
1223 2121 1368 2187 dicimus.
1422 2121 1613 2206 ‘relliquias'

330 2235 433 2295 anilem
456 2227 640 2296 ‘Danaum'
668 2228 830 2310 dupliciter
856 2232 886 2292 ct
911 2249 932 2292 a
957 2227 1104 2292 Troianis
1132 2232 1161 2292 et
1187 2249 1209 2292 a
1232 2227 1361 2294 Graecas
1388 2231 1452 2294 dici
1476 2235 1614 2312 possunt,

329 2343 365 2401 ut
395 2342 428 2402 el
458 2342 584 2402 nostro
615 2336 783 2418 sequitur
815 2336 856 2398 de
887 2335 1037 2411 oscinere
1068 2334 1231 2420 sanquis.
1288 2357 1293 2366 ·
1326 2353 1445 2413 trava
1480 2354 1613 2402 1nn1r1s

330 2461 474 2510 sennan
504 2444 587 2508 bene
617 2442 793 2507 secundum
823 2440 1002 2505 Homerum
1035 2445 1187 2525 segregat
1216 2441 1312 2506 duces
1343 2465 1363 2507 a
1392 2443 1522 2527 populo.
1568 2444 1614 2508 sie

330 2550 458 2615 Aeneas
481 2551 516 2614 in
539 2549 678 2614 secundo
702 2551 778 2632 post
801 2549 946 2612 omnium
970 2569 1080 2612 casum
1103 2547 1226 2612 Priami
1251 2550 1416 2632 separavit
1438 2550 1615 2633 interitum,

278 2661 367 2723 aaut
389 2656 561 2722 forsitan
585 2659 623 2721 et
645 2655 791 2720 Priami
819 2654 968 2747 fueri-nt
997 2675 1091 2739 quae
1120 2653 1205 2718 fata
1231 2656 1421 2738 requiras.
1465 2655 1613 2721 inmitem

332 2767 442 2830 antem
465 2764 548 2828 dixit
571 2762 670 2826 etiam
694 2761 779 2825 circa
801 2762 979 2827 extinctum
999 2760 1171 2825 crudelem.
1207 2765 1236 2825 et
1257 2761 1323 2826 ideo
1342 2763 1451 2826 intulit
1464 2763 1614 2828 Achillem

326 2873 503 2954 praecipue,
533 2869 613 2952 aliod
635 2869 757 2932 Amas
779 2888 849 2932 cum
871 2867 994 2932 Achille
1016 2887 1191 2950 emarcssus
1212 2868 1303 2932 silet
1324 2874 1360 2932 ut
1381 2869 1416 2931 iu
1437 2871 1544 2951 quinto
1566 2873 1615 2935 ait

333 2979 473 3060 Neptuni
490 2976 631 3058 beneficia
651 2976 804 3040 liberatus.
893 2991 1038 3040 10111111
1057 2978 1190 3058 propter
1204 2967 1457 3058 ὁμοιοτέλευτον
1475 2975 1616 3042 detraxit

334 3109 348 3148 s
372 3083 531 3166 litteram,
554 3105 635 3166 quae
658 3081 848 3165 plerumque
875 3103 935 3166 pro
964 3081 1061 3146 sibilo
1084 3081 1223 3146 habetur
1252 3103 1318 3145 non
1346 3079 1451 3145 dolum
1478 3085 1614 3149 necessi-

279 3205 312 3254 15
332 3190 424 3272 tatis,
448 3189 503 3254 sed
527 3189 625 3252 etiam
649 3187 829 3272 euphoniae
853 3209 963 3272 causa,
985 3209 1060 3252 uam
1082 3187 1159 3252 alebi
1181 3189 1245 3270 obse
1266 3189 1314 3252 ait
1339 3208 1403 3252 uec
1425 3176 1528 3270 oq'uis
1548 3191 1614 3254 ad-

332 3297 454 3380 spirat
483 3295 654 3361 Acliillis.
706 3297 743 3357 ut
773 3291 946 3358 Sallustius
978 3317 997 3360 a
1026 3293 1222 3378 principio
1251 3293 1357 3358 urbis
1391 3294 1435 3358 ad
1467 3294 1615 3362 bellum

405 3477 420 3524 6
441 3473 470 3525 et
487 3469 589 3540 laetos]
608 3471 641 3524 A.
660 3471 671 3523 l
692 3475 742 3524 691
755 3471 815 3592 114
835 3471 866 3523 ut
879 3471 935 3524 stet
954 3511 959 3522 .
976 3510 1003 3525 ..
1023 3468 1154 3540 dicimus]
1174 3468 1250 3523 Serv.
1266 3485 1364 3522 comm.
1379 3467 1411 3522 in
1424 3469 1496 3526 Dan.
1511 3487 1538 3540 p.
1554 3476 1615 3538 444,

257 3599 263 3612 ,
335 3550 368 3597 10
387 3542 420 3596 K.
444 3545 453 3610 11
477 3547 509 3595 17
530 3543 558 3594 et
575 3540 682 3612 1101110]
702 3543 735 3596 Δ.
781 3541 805 3592 ΙΙ
825 3546 856 3594 61
877 3539 1139 3612 1201011111111111.
1160 3541 1184 3593 ll
1204 3545 1254 3593 606
1274 3541 1283 3606 1
1302 3547 1335 3593 22
1354 3538 1383 3593 in
1403 3538 1514 3612 quinto]
1533 3546 1585 3596 603
1607 3541 1616 3610 11

334 3620 369 3668 26
387 3628 439 3667 nec
458 3611 549 3683 equis]
569 3615 600 3666 Α.
620 3611 671 3665 XlI
691 3617 741 3665 362
765 3613 775 3680 1
798 3617 831 3666 26
852 3609 1014 3683 Sallustius]
1033 3611 1097 3666 hist.
1117 3611 1217 3680 fragm.
1237 3611 1249 3664 1
1269 3617 1283 3664 7
1303 3610 1390 3664 Kritz.

406 3779 420 3826 1
448 3772 521 3840 quod
547 3769 674 3824 exhibuit
698 3769 752 3826 diis
778 3773 886 3826 remota
909 3771 988 3825 Hebe
1014 3771 1126 3825 lunonis
1150 3769 1210 3824 filia
1234 3769 1385 3838 neonem:
1410 3773 1518 3824 remota
1544 3772 1615 3826 hebe

333 3843 443 3899 iunonis
465 3843 525 3896 filia
548 3841 623 3910 qnod
641 3841 767 3896 exhibuit
791 3841 844 3895 diis
865 3842 895 3893 K
900 3841 933 3906 O,
952 3843 1009 3895 uisi
1027 3843 1098 3910 quod
1116 3841 1159 3895 dis
1177 3841 1210 3893 K
1234 3841 1270 3894 ad
1289 3841 1364 3909 quod
1383 3839 1495 3894 habitus
1514 3844 1557 3895 est
1574 3859 1615 3896 re-

335 3917 412 3968 mota
433 3914 505 3968 hehe
529 3912 639 3967 iunonis
663 3912 722 3966 filia
740 3928 811 3981 qnae
830 3911 889 3966 ioui
907 3913 1003 3966 bibare
1028 3912 1206 3966 ministrabat
1228 3912 1298 3964 ΒΜ
1306 3911 1368 3974 Gll,
1393 3913 1450 3965 uisi
1472 3915 1544 3980 quod
1568 3913 1615 3966 ad-

335 3985 440 4039 hibitus
460 3985 511 4038 Ml
541 3983 577 4038 ad
601 3984 675 4052 qnod
698 3983 812 4038 habitus
830 3986 873 4037 eet
891 3986 1000 4038 remota
1022 3983 1094 4038 habe
1113 3982 1223 4036 iunonis
1246 3981 1306 4036 filia
1325 3981 1399 4049 quod
1418 3981 1545 4036 exhibuit
1562 3983 1616 4038 diis

336 4057 410 4122 Lu,
428 4057 485 4110 eresi
521 4057 576 4109 aad
594 4055 663 4109 exiit
680 4053 723 4108 dis
742 4055 800 4122 nu
818 4059 834 4108 6
853 4054 957 4108 occulis
977 4053 1025 4123 01
1044 4053 1204 4122 ganimeden
1225 4051 1425 4122 aganimedee
1446 4053 1480 4107 0ΙΙ
1493 4057 1533 4122 116
1552 4073 1613 4122 per·

517 4128 575 4251 u
758 4127 811 4263 u
826 4125 876 4248 e
891 4123 1616 4266 sirim.mensuruusr

562 4239 568 4250 ·
1608 4237 1616 4262 r

334 4271 380 4323 scd
399 4287 483 4338 quam
501 4270 533 4322 iu
552 4285 633 4336 quem
653 4269 769 4322 rrialaoit
785 4267 831 4334 0²,
850 4266 956 4321 habeat
973 4268 1005 4320 iu
1022 4265 1123 4321 habuit
1142 4266 1204 4334 0³11
1220 4273 1250 4320 12
1271 4267 1308 4320 ud
1326 4283 1349 4319 o.
1371 4274 1404 4320 30
1423 4265 1523 4338 Troas]
1543 4266 1617 4321 bona

335 4340 498 4394 oeconomia
516 4337 640 4394 ostendit
657 4340 748 4393 totum
772 4355 860 4408 genus
879 4337 1059 4392 Troianorum
1084 4337 1203 4391 inuisum
1226 4337 1312 4392 fuisse
1337 4337 1447 4402 lunoni,
1471 4354 1526 4391 non
1546 4338 1618 4392 sicut

334 4411 405 4464 illud
427 4411 524 4464 ‘nnius
543 4410 579 4464 ob
597 4410 724 4464 noxam’.
762 4407 932 4479 ltelliquias]
952 4411 984 4461 ut
1002 4411 1169 4462 statuerem
1188 4407 1343 4476 geminauit
1361 4409 1378 4461 l.
1416 4408 1533 4479 Achilli]
1554 4425 1615 4478 pro·

335 4485 397 4550 pter
417 4481 659 4536 oemoeoteleuton
678 4479 799 4534 detraxit
823 4498 835 4532 s
859 4479 970 4534 literam
990 4479 1118 4534 ausoniae
1138 4495 1229 4534 causa.
1255 4479 1282 4532 P
1302 4481 1312 4547 11
1332 4479 1406 4533 bona
1424 4495 1474 4532 eor.
1496 4478 1520 4532 G
1538 4482 1548 4548 1
1571 4479 1617 4534 de-

336 4551 486 4622 quonomia
506 4551 530 4606 O
549 4554 559 4620 11
583 4558 615 4606 13
635 4551 670 4605 ob
687 4550 733 4604 0²:
753 4569 767 4604 e
784 4551 807 4605 0
826 4552 835 4618 1
859 4557 892 4603 16
912 4549 1034 4604 denuum
1055 4550 1078 4604 0
1097 4552 1107 4618 11
1134 4556 1165 4604 18
1185 4551 1346 4622 scgregauit
1364 4551 1391 4602 B
1413 4552 1423 4617 11
1446 4555 1480 4602 20
1498 4549 1616 4618 requiris

337 4625 395 4690 1111
410 4623 537 4677 lnmitem
557 4625 650 4677 autem
670 4621 742 4676 dixit
761 4621 808 4690 qui
826 4621 854 4674 in
874 4621 995 4675 Patrocli
1014 4621 1150 4676 ultionem
1167 4623 1196 4674 et
1210 4621 1285 4675 circa
1299 4622 1452 4675 extinctum
1467 4620 1616 4675 Hectorem

336 4693 456 4748 crudelis
484 4693 539 4748 fuit
563 4693 715 4746 Fabricius
737 4695 746 4761 11
770 4699 802 4746 21
833 4692 974 4746 crudelem
1001 4694 1136 4761 cepuuait
1164 4698 1187 4744 ct
1215 4693 1357 4746 hectorem
1385 4708 1517 4759 supcrser.
1545 4691 1583 4745 0⁸
1607 4693 1617 4762 11

336 4771 370 4818 22
390 4767 419 4819 et
435 4767 549 4834 scm'psi:
567 4767 624 4818 Aut
643 4763 666 4818 0
685 4765 695 4832 1
718 4771 751 4818 23
770 4763 905 4818 beneficio
926 4762 973 4817 0¹:
991 4764 1121 4819 benessio
1141 4763 1165 4818 0
1184 4765 1194 4832 1
1217 4779 1283 4817 saue
1302 4762 1399 4817 achilli
1419 4761 1616 4830 01οω01011-

337 4835 433 4890 lenton
450 4836 515 4889 ΒΚ
520 4835 582 4889 011
607 4836 831 4890 omoeuteleuton
853 4835 879 4887 L
906 4835 1112 4890 omoeteleuton
1132 4835 1169 4888 M
1190 4838 1256 4902 1111
1280 4850 1361 4888 som.
1380 4833 1408 4886 B
1430 4835 1440 4902 l
1462 4839 1496 4888 26
1515 4849 1617 4888 neme

339 4905 373 4960 0²
395 4909 405 4974 1
427 4906 463 4960 ad
482 4907 586 4960 bellum
605 4923 655 4960 om.
676 4907 713 4960 M
