3638 5546
331 459 394 526 338
811 409 819 424 ὑ
906 459 1028 516 sssvn

307 631 468 708 mospius
500 625 703 707 literatusque
731 629 787 706 est,
819 625 980 706 [praepete
1007 625 1171 689 vitrasius
1198 630 1360 705 auipaiare
1386 625 1497 706 coepit:
1531 644 1610 707 pua·

323 709 451 816 proiice
467 755 526 816 per
546 733 685 813 furorem
706 753 728 796 a
750 733 811 796 dia
833 733 999 798 inmissam
1022 733 1086 815 ipse
1103 732 1163 796 siti
1181 751 1274 795 creare
1292 730 1451 796 uuerdist
1521 749 1609 796 sso-

329 856 425 903 NATA
447 839 654 922 participium
678 843 722 902 est
744 838 814 902 sine
836 838 928 904 verbi
952 838 1085 924 origine.

419 946 468 1010 15.
505 962 697 1011 Hosslrlvn
720 961 905 1021 ANTIvim
936 954 993 1009 aut
1022 967 1146 1027 carum,
1176 949 1233 1009 sut
1260 965 1294 1008 re
1322 966 1400 1008 vera
1427 947 1609 1030 antiquum.

292 1067 403 1116 onam
436 1056 530 1116 tanta
561 1053 646 1116 inter
678 1051 768 1133 ipsos
800 1051 1010 1116 familiaritas
1042 1051 1118 1133 fuit,
1155 1054 1192 1115 ut
1223 1050 1341 1135 Ilione,
1376 1051 1444 1116 filia
1476 1051 1609 1136 Priami,

327 1159 545 1244 Polymestori
573 1159 710 1222 nuberet
737 1158 900 1223 Threcum
928 1159 1007 1242 regi.
1104 1183 1237 1231 soenors
1256 1184 1386 1224 erueres
1411 1159 1457 1224 vel
1479 1164 1610 1242 propter

327 1286 424 1348 supra
447 1267 562 1330 dutum
584 1267 825 1330 conireneiimrem
843 1267 967 1330 Ilioisoe
990 1270 1018 1330 et
1031 1265 1257 1348 Polymestoris,
1279 1266 1325 1330 uel
1341 1268 1417 1348 qaia
1435 1287 1504 1331 erim
1522 1267 1610 1330 omni

327 1372 492 1436 hereditate
519 1374 675 1436 maiorum
702 1373 871 1436 diviserant
897 1374 990 1436 etiam
1018 1374 1087 1438 deos
1103 1377 1231 1454 peneus
1254 1371 1428 1436 Dardanas
1451 1377 1479 1436 et
1501 1372 1609 1437 Iasius

326 1481 449 1562 fratres,
472 1499 603 1560 praeirem
626 1478 705 1542 alter
729 1479 908 1561 Thraciam,
932 1480 1010 1543 alter
1032 1479 1205 1562 Phrygiam
1229 1479 1355 1544 incoluit
1377 1484 1562 1560 compotem.

275 1599 308 1646 10
419 1587 468 1650 16.
505 1603 581 1650 nvn
605 1602 773 1651 sossvns
795 1603 878 1651 svm
903 1585 1026 1650 scilicet
1048 1587 1144 1649 bona.
1181 1589 1215 1648 ιι
1232 1585 1330 1650 simul
1349 1585 1493 1650 ostendit
1510 1586 1607 1650 fidem

328 1715 399 1757 cum
431 1693 588 1756 felicitate
620 1691 763 1756 deficere.
805 1714 882 1756 sane
914 1692 1092 1775 sciendum,
1125 1691 1413 1777 quotienscumque
1439 1692 1607 1757 fortunam

328 1800 432 1864 solam
456 1799 602 1882 dicimus
624 1799 815 1863 felicitatem
837 1799 998 1883 intellegi:
1021 1799 1105 1862 unde
1129 1803 1162 1863 ιι
1184 1797 1369 1862 fortunatos
1388 1803 1517 1863 tantum
1535 1799 1605 1864 feli-

328 1928 389 1990 ces,
413 1911 447 1971 et
466 1888 687 1970 infortunatus
712 1905 800 1969 soloe
823 1905 970 1969 infelices
993 1927 1156 1970 vocamus.
1242 1923 1371 1970 arrosa
1397 1922 1513 1972 ovsvo
1536 1928 1606 1991 per-

326 2017 460 2094 petuum
488 2012 656 2095 epitheton
678 2012 815 2076 litorum
841 2017 903 2077 est:
935 2034 1011 2077 nam
1034 2013 1119 2097 quod
1141 2012 1175 2076 in
1199 2016 1290 2077 serto
1314 2013 1421 2094 (900)
1445 2013 1493 2077 ait
1515 2018 1606 2078 tunc

275 2131 308 2180 ιι
327 2139 367 2181 se
391 2117 435 2180 ad
455 2114 614 2182 Caietae
638 2122 744 2182 recto
768 2118 845 2182 fert
867 2118 986 2183 litore
1005 2122 1162 2200 portum·
1178 2118 1340 2202 significat
1359 2141 1432 2183 eum
1450 2119 1498 2184 ita
1516 2120 1606 2185 nsvi-

327 2245 437 2308 gasse,
465 2228 501 2290 ut
528 2247 594 2289 non
617 2226 817 2310 relinqueret
839 2225 928 2290 litus.
1018 2243 1126 2289 ιιιιιιι
1150 2241 1241 2290 noco
1266 2226 1343 2310 quia
1366 2225 1450 2310 apud
1474 2223 1605 2292 Cretam

327 2317 393 2396 alia
424 2331 510 2397 fecit.
556 2332 652 2397 modo
686 2337 793 2397 autem
825 2333 951 2396 Aenum
984 2332 1160 2416 significat,
1192 2336 1230 2396 ut
1257 2329 1432 2398 Sallustius
1459 2333 1606 2398 Aenum

328 2443 365 2502 ιι
387 2437 607 2503 Maroneam
638 2439 814 2523 viamque
842 2438 1062 2503 militarem.
1109 2460 1305 2523 quamquam
1327 2438 1488 2504 Homerus
1518 2440 1606 2505 dieat

398 2656 430 2703 17
452 2647 613 2720 Sallustius]
632 2647 732 2718 fragm.
752 2649 805 2704 inc.
825 2653 858 2702 38
873 2649 920 2702 Κι.
939 2651 949 2718 ΙΙ
968 2653 1001 2701 18
1021 2647 1170 2718 Homerus]
1190 2649 1222 2702 Il.
1242 2648 1280 2703 IV
1299 2655 1351 2704 520

398 2853 412 2899 1
433 2845 623 2913 liberatusque
637 2860 687 2898 om.
702 2845 746 2912 Tss
760 2845 832 2898 uites
846 2861 880 2898 ea
894 2846 973 2898 uates
986 2845 1012 2896 Τ
1023 2846 1033 2913 ΙΙ
1047 2851 1062 2898 2
1078 2844 1242 2911 Mescinius,
1257 2845 1305 2913 qai
1319 2845 1350 2898 iu
1364 2845 1499 2899 edendis
1486 2847 1606 2915 iisqseae

328 2919 360 2971 de
374 2917 503 2987 Lycurgo
522 2917 656 2970 mactata
674 2921 738 2968 swnt
758 2932 818 2969 eam
827 2914 1162 2969 DanieleFlcriaceiasem
1179 2921 1286 2970 secatus
1305 2921 1343 2969 est
1355 2921 1417 2984 post
1430 2915 1504 2984 quod
1519 2917 1604 2970 etiam

327 2989 361 3043 de
380 2987 569 3042 Demosthene
589 2987 694 3041 dictum
714 2989 757 3040 est
774 2987 840 3040 haee
858 2987 968 3040 addidit
984 2985 1083 3040 Alii
1061 3003 1102 3040 erc
1119 2986 1249 3040 referunt
1278 2986 1387 3056 iuitLy
1388 3003 1475 3056 surgo
1477 2987 1604 3055 s‚·Thra

328 3060 389 3114 ciue
407 3077 464 3127 rex,
482 3057 556 3112 filius
571 3056 714 3126 Dryantis:
735 3075 783 3125 qur
774 3057 871 3125 quod
885 3057 1008 3112 Thraces
1021 3056 1246 3112 immoderate'
1219 3074 1284 3112 vino
1299 3005 1409 3113 deditos
1423 3057 1604 3128 conspiceret,

327 3130 399 3184 vites
418 3146 513 3184 omnes
530 3131 591 3183 toto
610 3129 697 3198 regrio
717 3128 915 3195 excidimus,
935 3131 967 3182 ιιι
987 3128 1084 3182 scribit
1097 3126 1264 3183 Plutarchus
1279 3145 1311 3183 eo
1325 3127 1354 3182 in
1369 3127 1510 3210 opusculo,
1528 3130 1604 3197 quod

327 3200 362 3255 de
380 3207 528 3270 poetarum
545 3204 578 3254 ιιι
566 3199 670 3254 tilitate
690 3200 856 3267 conscripsit
873 3201 916 3260 (de
934 3201 1000 3254 aad.
1015 3205 1086 3268 poet.
1107 3201 1141 3268 1).
1175 3199 1240 3253 hinc
1259 3199 1341 3254 datus
1360 3205 1404 3254 ιιι
1421 3200 1512 3270 poetis
1526 3200 1604 3254 locus

326 3271 453 3325 fabulae:
481 3272 644 3341 Lycurgum
666 3270 845 3324 infestissimo
868 3271 1010 3324 Bacchum
1037 3270 1101 3324 odio
1124 3271 1303 3338 prosecutum
1327 3287 1386 3325 esse
1409 3271 1495 3338 adeo,
1520 3273 1553 3324 ut
1576 3275 1606 3325 et

327 3343 450 3396 nutrices
468 3341 544 3395 illius
563 3341 593 3395 in
607 3341 683 3410 Nysa
695 3341 821 3396 'latentes
840 3343 1053 3411 persequeretur
1071 3344 1101 3395 et
1114 3341 1225 3396 Baccho
1244 3341 1298 3410 ipsi
1312 3345 1420 3396 tentum
1436 3313 1549 3396 terioris
1563 3343 1604 3395 in·

328 3413 454 3480 suaserit,
473 3414 505 3466 ut
523 3412 672 3482 praecipiti
690 3413 758 3482 iuga
775 3412 893 3467 traiecto
912 3413 992 3478 mari,
1010 3413 1040 3466 in
1057 3429 1161 3466 nasum
1180 3429 1209 3466 se
1228 3413 1376 3482 receperit:
1396 3413 1514 3481 ideoque
1528 3412 1604 3467 iusta

325 3484 447 3538 numinis
465 3483 508 3537 ira
526 3483 685 3553 Lycurgum
704 3483 733 3537 in
751 3483 872 3538 furorem
893 3499 1055 3537 conversum
1074 3485 1110 3549 et
1130 3500 1193 3536 cum
1212 3484 1284 3538 vites
1303 3501 1422 3552 quoque,
1442 3502 1476 3538 ne
1492 3484 1603 3538 Baccho

325 3555 354 3609 iu
377 3556 522 3624 posterum
545 3555 693 3620 liberetur,
717 3554 844 3608 excidere
862 3554 962 3621 vellet,
986 3553 1070 3608 tibias
1089 3554 1142 3607 sibi
1160 3555 1318 3610 succidisse.
1340 3557 1351 3624 ΙΙ
1373 3562 1528 3615 inumera
1547 3555 1597 3618 Η,
1602 3557 1604 3587 l

325 3629 453 3694 antiqum
473 3626 497 3678 L
503 3625 537 3678 H
556 3597 716 3694 (antiquuin
735 3627 784 3692 1)ΙΙ
807 3631 823 3679 5
841 3624 931 3697 ipsos]
955 3597 1020 3680 illos
1040 3625 1077 3679 M
1093 3626 1103 3694 l
1126 3631 1141 3679 6
1161 3625 1356 3694 polymiestori
1375 3626 1405 3679 F
1430 3598 1604 3695 polimsstori

325 3697 391 3750 LH
413 3699 423 3766 ΙΙ
450 3697 588 3751 'lhracum
613 3696 685 3766 regi]
711 3697 756 3750 oui
775 3695 944 3765 Polydorum
967 3696 1056 3750 filium
1075 3696 1202 3750 Priamus
1220 3695 1290 3751 balli
1308 3699 1434 3766 tempore
1453 3697 1602 3767 parvulum

325 3767 573 3823 commendaverat
595 3767 726 3822 alendum
749 3768 813 3820 add.
833 3767 862 3820 D
886 3767 931 3821 eui
949 3766 1131 3836 Polydorum,
1156 3766 1246 3821 filium
1264 3783 1298 3821 ex
1316 3767 1449 3835 Hecuba,
1477 3768 1604 3822 Priamus

324 3842 405 3922 pater
429 3839 511 3894 initio
539 3838 609 3894 belli
637 3837 763 3904 Troiani,
796 3839 950 3892 communis
978 3837 1075 3893 Martis
1107 3837 1223 3893 exitium
1255 3839 1373 3906 veritus,
1406 3857 1468 3894 cum
1501 3855 1604 3908 magno

324 3912 386 4035 iti
403 3908 1518 4048 eistetetetiiestitit„itt⁰12ltssstelittsiet⁰„t
1527 3910 1605 4050 iiii

325 4051 413 4106 ditate
433 4052 568 4106 adductus
578 4051 775 4120 Polydorum
766 4069 796 4104 m
815 4050 897 4105 litore
917 4051 1085 4121 spatiantem
1103 4051 1168 4106 telis
1182 4053 1347 4121 aggreditur
1361 4055 1390 4106 et
1403 4051 1507 4106 frustm
1521 4053 1604 4135 iidem

324 4123 441 4177 deorum
467 4123 667 4190 hominumque
691 4122 887 4192 implorantem
907 4121 1011 4178 occidit
1029 4139 1165 4190 caesoque
1184 4124 1325 4177 tumulum
1343 4123 1535 4193 superiniecit,
1559 4123 1604 4176 cni

325 4211 520 4263 supercrevere
544 4195 628 4262 myrti
646 4195 778 4262 virgulta.
816 4192 845 4246 id
865 4211 927 4247 cum
946 4195 1037 4247 mater
1055 4193 1171 4248 Hecuba
1189 4193 1386 4261 intellexisset,
1411 4193 1557 4249 simulavit
1574 4211 1604 4248 se

324 4266 423 4334 ingens
448 4265 540 4319 adhuc
559 4265 619 4319 auri
639 4265 747 4333 pondus
766 4265 839 4318 velle
858 4267 966 4319 secreto
985 4265 1029 4318 illi
1047 4265 1184 4332 iudicare,
1213 4265 1288 4332 quod
1307 4283 1358 4335 pro
1377 4265 1436 4320 filio
1455 4265 1603 4335 acciperet

325 4335 399 4404 quod
418 4352 518 4390 avarus
537 4353 585 4390 rex
602 4351 698 4390 verum
718 4335 881 4389 existimans
899 4335 977 4389 illius
995 4335 1134 4405 rmguibus
1149 4340 1313 4390 occaecatus
1327 4339 1379 4390 est.
1403 4337 1495 4391 exstat
1508 4339 1603 4390 tamen

324 4411 354 4462 ιι
377 4406 434 4461 alia
457 4407 492 4460 de
511 4407 650 4475 Polydoro
673 4407 782 4461 fabula:
810 4423 911 4476 nempe
931 4406 1051 4461 Graecos
1069 4424 1120 4476 per
1137 4407 1288 4464 Thraciam
1306 4409 1449 4462 venientes
1467 4409 1542 4462 huuc
1560 4424 1604 4462 ce-

323 4479 406 4547 pisse,
425 4477 569 4532 Priamum
587 4480 682 4532 autem
696 4495 746 4547 pro
761 4477 952 4547 redemptione
967 4477 1019 4530 lilii
1033 4477 1147 4533 Graecis
1168 4477 1278 4532 dedisse
1292 4479 1398 4546 urbem,
1418 4495 1491 4548 quae
1505 4480 1605 4548 postea

323 4550 360 4603 ab
385 4551 486 4602 eventu
505 4549 664 4603 Antandros
684 4549 761 4604 dicta
779 4551 834 4604 est:
859 4565 916 4618 qua
934 4551 1050 4618 accepta
1068 4549 1133 4603 illos
1153 4551 1248 4604 tamen
1266 4549 1354 4604 nihilo
1374 4549 1466 4604 minus
1483 4549 1604 4620 Polydo-

323 4619 546 4689 rumlapidibus
565 4619 689 4675 obruisse
709 4621 772 4674 add.
794 4621 950 4674 Mescinius
962 4621 1001 4688 ll
1022 4620 1236 4690 polymnestoris
1255 4621 1285 4674 F
1296 4623 1306 4689 ΙΙ
1319 4622 1386 4688 quia
1404 4638 1467 4675 oum
1486 4621 1604 4675 Daniel:

322 4708 442 4759 quacum
462 4691 492 4744 F
503 4693 512 4759 ΙΙ
531 4698 547 4745 9
561 4691 698 4746 trachiam
715 4690 746 4744 F
757 4693 767 4760 ΙΙ
782 4698 812 4745 11
830 4691 972 4746 sciendum
992 4695 1034 4745 est
1048 4691 1129 4761 FLll
1145 4697 1176 4746 is
1192 4691 1383 4761 intellegimus
1397 4691 1440 4746 Fi
1453 4697 1463 4760 y
1476 4683 1602 4748 aride...

322 4779 454 4818 vocamus
473 4779 522 4817 our.
543 4763 602 4832 sy
633 4769 666 4817 14
685 4781 750 4818 nam
768 4762 893 4830 quod..
913 4762 1006 4817 ,litus
1025 4779 1075 4816 om.
1095 4763 1125 4816 1
1150 4764 1159 4830 ΙΙ
1189 4769 1220 4814 15
1240 4763 1406 4817 caietaeL:
1425 4765 1554 4833 uegetam
1574 4735 1608 4816 11

323 4833 442 4888 cateiam
462 4833 595 4904 MEllp
596 4836 688 4888 ortum
708 4851 757 4888 οιιι.
779 4835 816 4886 M
827 4836 836 4904 ΙΙ
858 4841 889 4887 lt
909 4852 1008 4888 nouare
1026 4853 1106 4887 ιιιιιι
1127 4835 1156 4886 Γ
1142 4835 1177 4902 ΙΙ
1199 4841 1243 4887 17·
1235 4834 1334 4888 mitam
1356 4835 1454 4903 ΜΕΙι
1462 4838 1494 4888 ιιι
1512 4835 1603 4890 Sallu-

323 4904 392 4958 stius
412 4949 417 4960 .
439 4946 444 4959 .
465 4948 471 4960 .
490 4905 629 4974 portanda
647 4921 689 4960 orn
707 4904 738 4958 F
749 4907 759 4972 ΙΙ
779 4909 811 4957 18
830 4921 1004 4959 matroneum
1024 4905 1049 4957 L
1076 4921 1218 4959 maronem
1238 4905 1268 4958 E
1285 4910 1364 4973 (corr.
1383 4908 1407 4974 e)
