3604 5552
332 458 394 521 126
907 459 1026 514 sunvu

329 645 410 707 quae
434 625 523 686 55155
547 625 660 687 nostra
683 645 748 689 non
770 623 876 688 novit:
907 623 991 688 unde
1014 623 1126 689 Livius
1150 645 1188 688 ex
1213 624 1382 689 annalibus
1414 627 1447 689 et
1473 624 1609 690 historia

329 732 465 793 constat.
502 727 582 792 haec
606 733 717 794 tamen
737 730 978 795 confunduntur
995 731 1145 816 licenter,
1168 735 1205 795 ut
1223 731 1284 796 hoc
1303 733 1374 797 loco
1393 755 1453 816 pro
1472 732 1609 798 historia

328 835 435 921 inquil
458 834 635 901 ‘annales'.
663 838 709 901 115
731 844 833 904 ouum
856 839 985 904 onnoles
1004 839 1258 920 conficiebantur:
1283 839 1420 904 tabulam
1437 839 1610 904 dealbatam

327 944 493 1024 quotannis
510 943 653 1024 pontifex
674 947 831 1011 55555555
857 945 978 1025 habuit,
1005 948 1041 1010 iu
1067 967 1129 1028 quo
1153 947 1355 1028 praecerptio
1377 947 1611 1012 5555155555

291 1050 462 1115 ominibus
484 1055 512 1114 et
532 1050 669 1114 oliorum
696 1053 936 1134 mopn‘otrotuum
962 1055 1058 1136 euno
1086 1058 1256 1117 munorutu
1283 1057 1390 1117 notare
1417 1059 1611 1118 consueuerat

326 1158 411 1221 domi
434 1157 622 1239 miliciaeque
645 1161 727 1222 terra
750 1162 891 1242 morique
910 1165 996 1243 95515
1013 1181 1072 1243 per
1093 1160 1230 1242 sinpulos
1252 1159 1325 1225 dees.
1372 1161 1459 1224 cutus
1483 1161 1610 1242 5115555-

327 1265 387 1328 to'ue
407 1284 530 1328 ouuuos
552 1266 785 1334 uumuurus
808 1267 844 1330 iu
866 1269 1017 1350 octupinuo
1049 1268 1141 1332 libros
1167 1273 1278 1332 5515555
1299 1253 1483 1346 renuuntur,
1505 1289 1611 1350 eosque

326 1391 347 1434 o
365 1370 564 1453 pontificibus
586 1372 734 1435 moninus
756 1373 903 1453 aquibus
922 1373 1038 1455 1151551
1054 1373 1206 1437 ouuuoles
1224 1375 1377 1438 mouimus
1397 1375 1610 1456 appellarunt:

325 1478 405 1541 uude
427 1477 555 1558 quidoou
577 1477 643 1542 iolco
666 1479 780 1542 dictem
803 1479 843 1542 ob
859 1480 966 1544 Aeueo
990 1478 1151 1544 ‘annulos’
1174 1481 1279 1564 aiunt,
1302 1482 1383 1562 quod
1404 1482 1610 1563 5115555511-

274 1595 307 1674 15
323 1585 428 1665 cicun
449 1585 583 1648 511515
599 1590 692 1667 poeto
716 1589 781 1648 tum
799 1587 941 1667 pontifex
963 1587 1137 1650 cnducatur.

416 1692 490 1756 374.
528 1708 661 1756 555550
695 1713 785 1756 more
817 1693 958 1776 poetico,
996 1694 1050 1777 qui
1083 1693 1196 1757 dicunt
1227 1693 1353 1758 caelum
1389 1714 1448 1778 per
1480 1699 1610 1759 noctem

328 1797 448 1882 claudi,
478 1797 597 1883 aperiri
620 1819 677 1882 per
701 1797 800 1862 diem:
831 1799 914 1864 unde
938 1803 988 1864 551
1010 1803 1123 1882 porta
1145 1803 1259 1866 tonat
1288 1801 1387 1864 caeli
1418 1805 1451 1864 et
1481 1801 1610 1864 consi-

327 1906 420 1970 dunt
444 1905 561 1970 tectis
586 1904 866 1986 bipatentibus.
957 1924 1146 1972 componun
1170 1907 1273 1992 finiet,
1297 1912 1334 1971 ut
1361 1908 1496 1972 oblato
1520 1928 1611 1992 gau-

327 2012 419 2076 dens
452 2011 630 2096 componi
663 2011 818 2076 foedere
851 2012 996 2077 bellum
1026 2019 1056 2078 et
1087 2013 1186 2099 (nou)
1220 2020 1387 2079 nostrum
1422 2017 1520 2080 iuter
1549 2037 1611 2080 555

275 2124 454 2184 roloniae
486 2138 686 2200 conponere
717 2119 809 2183 lites.
854 2119 931 2184 olibi
957 2141 1019 2202 pro
1045 2122 1216 2205 (15555555,
1248 2126 1283 2185 51
1314 2142 1378 2185 uec
1408 2143 1612 2205 conponere

327 2247 409 2309 opes
431 2230 582 2304 norunt,
606 2225 684 2290 alibi
702 2245 762 2306 pro
780 2227 973 2308 continuone,
996 2233 1031 2290 ut
1047 2248 1253 2310 conponens
1275 2230 1517 2310 manibusque
1534 2250 1609 2293 ruo-

326 2351 408 2411 555,
427 2331 504 2396 alebi
516 2353 577 2414 pro
595 2351 777 2415 conparare,
796 2337 831 2396 ut
847 2333 901 2398 sic
916 2335 1050 2415 porois
1068 2355 1270 2417 conponere
1287 2354 1421 2418 ooopuo
1438 2337 1609 2415 solebam,

325 2440 403 2504 olibi
419 2460 480 2522 pro
501 2439 648 2520 fundare,
670 2442 706 2502 ut
726 2459 826 2503 nunc
842 2439 998 2520 placido
1027 2448 1232 2523 conpostns.
1322 2461 1456 2509 155555
1478 2443 1609 2528 proprie

326 2547 507 2629 5151155551,
536 2567 608 2610 cum
638 2549 747 2610 autem
777 2545 937 2630 ‘vesperi'
965 2547 1115 2633 (11515155,
1149 2549 1339 2615 adverbium
1366 2551 1521 2634 temporie
1550 2555 1609 2616 est.

273 2663 307 2712 20
327 2657 360 2718 51
383 2653 548 2719 sciendum
572 2654 649 2738 quia
672 2654 782 2718 omnia
804 2654 950 2737 nomina,
972 2676 1054 2738 quae
1077 2654 1116 2718 de
1140 2654 1274 2720 Graecis
1297 2657 1331 2720 in
1355 2679 1391 2720 os
1415 2657 1606 2721 exeuntibus

327 2759 368 2824 ad
391 2783 451 2826 nos
474 2763 658 2843 transeunt,
687 2759 771 2843 apud
799 2781 859 2824 nos
892 2764 949 2824 551
980 2761 1015 2824 15
1042 2783 1080 2825 55
1108 2765 1236 2826 tantum
1266 2765 1396 2846 exeunt,
1430 2767 1466 2826 ut
1497 2785 1610 2828 annuc

327 2865 440 2950 115155,
474 2869 530 2932 551
557 2867 591 2929 in
620 2888 665 2949 er,
694 2870 731 2930 ut
758 2859 860 2950 ἀγρὸς
888 2888 978 2952 ager,
1007 2870 1064 2932 551
1091 2868 1125 2932 in
1152 2873 1339 2953 utrumque,
1368 2873 1405 2932 ut
1432 2865 1609 2955 Εὔανδρος

327 2971 500 3038 Euandrus
523 2972 684 3037 Euander.
878 2957 881 2964 ⁴

417 3078 491 3144 375.
524 3095 631 3162 55015
654 3095 808 3154 5551575
831 3079 948 3165 nobili,
972 3081 1164 3165 venerabili,
1187 3104 1278 3148 more
1302 3104 1376 3146 suo:
1399 3082 1478 3146 alibi
1502 3087 1609 3148 terra

273 3195 306 3244 25
328 3184 508 3270 antiqua,
531 3185 563 3249 id
588 3189 638 3250 551
659 3186 792 3271 nobilis3
816 3209 875 3252 nec
899 3187 985 3251 enim
1010 3210 1080 3253 5555
1098 3192 1227 3272 poterat
1244 3211 1337 3254 nova.
1366 3189 1445 3253 item
1464 3191 1608 3275 templa

399 3366 415 3414 9
433 3360 506 3415 unde
525 3361 640 3428 quidam
659 3402 665 3414 .
682 3403 688 3414 .
704 3403 711 3415 .
730 3360 891 3433 inducetur]
911 3362 945 3416 cf.
963 3361 1086 3416 Macrob.
1103 3363 1160 3418 Sat.
1176 3363 1215 3417 ΠΙ
1234 3369 1259 3429 2,
1276 3364 1379 3432 171112
1399 3365 1493 3436 portu]
1512 3381 1606 3436 georg.

327 3429 627 3501 11126115555111551]
648 3435 680 3486 A.
701 3431 726 3485 X
744 3435 783 3500 5]
800 3439 831 3486 13
851 3433 960 3503 oblato]
982 3435 1012 3485 A.
1032 3433 1322 3503 11111021155550555
1341 3433 1420 3488 finiet
1438 3451 1461 3490 e.
1478 3454 1503 3504 q.
1519 3436 1553 3506 5.]
1572 3436 1605 3490 51.
1690 3461 1699 3474 =

327 3501 434 3556 Nonius
453 3519 480 3572 p.
500 3508 560 3570 255,
576 3509 637 3572 256,
651 3509 713 3568 257,
728 3509 780 3557 230
798 3505 808 3572 ]
827 3504 936 3575 oblato]
957 3508 989 3557 A.
1009 3505 1060 3558 XII
1082 3511 1130 3558 103
1152 3507 1161 3574 11
1186 3511 1219 3558 14
1238 3504 1375 3576 nostrum]
1394 3505 1456 3560 buc.
1476 3507 1516 3559 III
1537 3513 1585 3560 108
1600 3507 1609 3523 ““

330 3579 361 3626 15
386 3589 437 3628 555
456 3574 625 3646 conponere]
650 3575 682 3628 A.
701 3573 767 3628 VIII
786 3580 836 3628 317
860 3575 870 3644 11
895 3582 927 3630 16
951 3576 1123 3646 conponens]
1148 3581 1179 3630 A.
1199 3575 1264 3630 VIII
1283 3580 1334 3629 486
1357 3577 1367 3645 11
1391 3582 1423 3630 17
1444 3576 1483 3630 eie
1501 3577 1607 3649 parvis]

327 3645 388 3699 bue.
408 3645 472 3698 123
491 3647 501 3714 1]
523 3650 555 3699 18
575 3662 649 3699 5555
667 3644 792 3716 placide]
811 3645 844 3698 A.
863 3645 876 3698 1
895 3651 945 3700 243
959 3649 969 3716 1]
987 3667 1086 3700 resena
1104 3645 1216 3716 proprie
1236 3663 1259 3701 e.
1278 3665 1305 3714 q.
1324 3651 1359 3718 5.]
1379 3647 1414 3702 51.
1435 3647 1513 3702 Luct.
1533 3649 1607 3703 Pluc.

327 3713 371 3770 ad.
392 3714 463 3770 Stat.
485 3715 572 3770 Theb.
591 3715 617 3770 V
636 3717 712 3786 250]
731 3721 765 3770 24
784 3715 871 3787 1555]
891 3717 922 3772 A.
943 3717 981 3771 III
1002 3719 1127 3788 1641125
1146 3717 1255 3788 templa
1272 3717 1331 3789 dei]
1350 3720 1383 3774 A.
1403 3717 1442 3772 111
1461 3725 1495 3773 84

400 3883 413 3929 1
434 3874 517 3946 quae]
537 3893 607 3944 quoe
627 3875 705 3945 ΟΡ]
727 3875 801 3930 unde
821 3875 970 3931 Sallustius
989 3893 1023 3931 ex
1040 3877 1159 3932 historia
1176 3876 1271 3932 Livius
1292 3878 1454 3933 Mauricius.
1481 3881 1516 3946 cf.
1537 3881 1607 3937 Iud.

327 3947 394 4072 55].
414 3947 489 4047 1:43,
508 3953 523 4000 4
547 3947 557 4015 1
578 3953 595 4028 3
616 3946 763 4048 5551151555
784 3945 994 4016 015551551515
1014 3947 1059 4017 0²)
1081 3950 1091 4017 11
1114 3955 1131 4002 4
1149 3949 1298 4044 quotannis
1317 3967 1350 4004 eu
1368 3950 1443 4018 quod
1462 3951 1542 4032 55515
1561 3951 1608 4022 Ο]

326 4025 342 4072 6
382 4033 445 4083 om:
466 4016 557 4087 0110
575 4015 721 4072 inducatur
742 4017 889 4072 1nducntur
909 4018 952 4088 Ο]
974 4025 1005 4072 11
1026 4021 1063 4074 col
1082 4037 1105 4073 5.
1126 4026 1177 4074 374
1197 4019 1311 4092 blenau]
1331 4037 1407 4075 more
1426 4024 1537 4090 poetico
1556 4064 1563 4076 .
1579 4063 1606 4076 ..

326 4123 439 4194 placida
464 4125 631 4192 compostus.
672 4122 791 4192 Vesper]
818 4123 914 4190 515115,
942 4125 1054 4195 uesperi
1082 4127 1175 4181 autem
1204 4125 1368 4180 aduerbium
1396 4126 1531 4196 temporie
1557 4129 1606 4180 551.

325 4195 469 4250 sciendum
487 4196 582 4248 tamen
602 4196 658 4260 551,
682 4193 749 4262 qnia
767 4194 862 4248 omnia
881 4195 995 4250 nomine,
1014 4237 1019 4250 .
1041 4239 1046 4251 .
1067 4241 1073 4253 .
1093 4197 1238 4252 Euandrus
1257 4197 1395 4253 Euander.
1417 4198 1470 4268 Ρ]
1492 4203 1524 4252 12
1543 4215 1607 4268 epe-

326 4266 374 4320 riri
393 4265 468 4320 diem
487 4265 513 4318 B
542 4264 644 4334 aperiri
663 4264 708 4319 die
724 4265 760 4317 M
786 4281 836 4334 per
854 4265 929 4320 diem
948 4267 1051 4336 aperiri
1067 4268 1142 4338 ΟΡ]
1158 4275 1189 4322 13
1209 4269 1305 4324 abluto
1322 4269 1398 4339 ΟΡ]
1412 4277 1445 4324 16
1466 4285 1515 4338 pro
1534 4276 1559 4324 et
1577 4271 1608 4324 51

327 4354 369 4390 om
389 4336 433 4406 Ο]
448 4342 479 4390 17
500 4353 551 4405 pro
570 4341 594 4390 et
612 4333 1607 4410 51555.0118555515015155015555]55501)]5555551-

325 4409 370 4461 155
386 4408 430 4476 Ο]
443 4427 542 4460 venenu
559 4425 662 4461 carneo
677 4407 721 4476 Ο]
736 4413 768 4460 19
788 4407 952 4462 eduerbium
969 4411 1103 4480 temporie
1122 4411 1204 4465 modo
1224 4427 1291 4464 5555
1310 4414 1482 4465 utrumuieae
1502 4411 1606 4480 accipe.

326 4479 470 4534 sciendum
489 4479 584 4532 tamen
603 4481 647 4532 eet
664 4479 731 4546 quia
746 4477 838 4546 0120
854 4479 898 4551 55]
913 4497 958 4534 ros
972 4482 1005 4551 11]
1019 4486 1120 4536 exeunt
1138 4484 1168 4536 51
1186 4482 1221 4536 55
1241 4499 1290 4536 555
1308 4485 1455 4538 transeunt
1470 4483 1533 4548 ΟΡ,
1551 4485 1607 4536 nisi

325 4549 398 4619 quod
416 4551 525 4604 nostrae
543 4552 611 4604 eunt
631 4549 674 4620 Ο]
692 4555 723 4602 21
745 4549 781 4602 ad
800 4565 849 4604 nos
868 4553 1013 4606 transeunt
1032 4569 1080 4606 om.
1101 4553 1152 4624 Β]
1170 4553 1244 4622 apud
1265 4569 1315 4606 noe
1332 4553 1362 4606 in
1381 4571 1413 4608 ue
1433 4556 1535 4608 exeunt
1552 4553 1580 4605 B
1599 4555 1607 4620 1

326 4619 403 4676 delos
421 4621 556 4675 ΒΟΡΜ
577 4623 587 4690 ]
613 4625 646 4675 51
665 4639 744 4675 urroc
763 4637 831 4690 ager
849 4623 888 4675 L:
911 4624 943 4676 ut
965 4638 1047 4693 agros
1070 4641 1137 4693 eger
1155 4625 1183 4677 B
1215 4641 1298 4692 agros
1317 4624 1428 4694 ogero
1458 4629 1508 4679 551
1527 4645 1606 4677 Areon

326 4709 392 4762 eger
408 4691 436 4744 P
459 4695 492 4746 ut
509 4708 592 4760 arpos
610 4709 677 4762 ager
692 4693 725 4745 H
749 4694 799 4760 551
818 4709 885 4762 eger
903 4709 985 4764 agros
1001 4695 1059 4764 Μ]
1073 4692 1231 4764 Εὔανδρος]
1252 4696 1388 4750 euandros
1403 4695 1463 4750 ΒΟ
1467 4697 1503 4750 Μ
1522 4712 1605 4750 5555-

327 4781 392 4817 5555
410 4763 436 4816 L
458 4765 468 4832 Ι]
490 4769 524 4817 24
544 4764 581 4818 od
598 4780 621 4816 o.
642 4769 694 4818 375
713 4763 798 4819 Troia
817 4763 944 4834 antiqua]
968 4765 1056 4820 nobili
1074 4783 1151 4820 more
1171 4783 1227 4820 555.
1267 4767 1364 4835 Forte]
1385 4767 1431 4820 hic
1449 4767 1545 4836 aliqua
1562 4781 1602 4819 ru·

325 4834 401 4888 tione
420 4834 571 4905 significan
590 4851 656 4888 nam
675 4835 782 4890 sciebat
799 4836 978 4904 1555555155,
996 4855 1052 4891 non
1066 4837 1201 4906 ignorare.
1219 4837 1268 4907 Ρ]
1282 4845 1316 4892 25
1334 4839 1364 4891 id
1382 4842 1426 4893 551
1444 4838 1546 4892 nobilis

325 4907 434 4960 vetusto
453 4921 504 4960 om.
524 4904 638 4974 Gludd.
659 4905 703 4974 0³)
1002 4907 1003 4910 ’
