3638 5546
562 463 678 520 coMM.
697 466 863 523 1117666.
883 467 966 524 AEN.
985 469 1018 523 11.
1039 474 1188 526 sse-eet.
1445 471 1509 536 317

318 628 391 693 670.
429 615 577 701 nruormi
595 651 655 712 pra
677 650 754 714 uon,
776 635 813 694 ut
832 652 1031 713 numquam
1052 631 1160 698 hodie
1181 633 1349 716 effupies.

316 735 390 800 672.
427 761 616 802 russurrensi
635 739 857 802 cunctationem
879 739 1010 803 ostendit
1030 737 1085 804 hoc
1106 739 1193 804 uerbo
1211 741 1289 818 eirrs,
1312 742 1367 823 qui
1388 761 1442 805 nec
1464 742 1510 804 ire

226 842 269 906 ad
285 842 441 925 proelium
463 843 547 926 velit,
569 863 623 908 nec
644 845 769 909 66666
790 845 968 926 relinquere.
1014 847 1058 910 sic
1080 851 1109 911 et
1131 845 1286 927 ‘ferebam'
1310 848 1399 912 dicit.

316 948 389 1012 674.
426 975 515 1016 rnrnr
535 950 645 1014 nutius
668 948 788 1032 poenz
811 971 906 1033 arram
930 947 1043 1016 ε6666.
1130 969 1318 1016 uuunuasu
1343 953 1508 1038 offerebat,

227 1054 283 1119 sed
305 1055 457 1122 manibus
481 1078 555 1122 eum
578 1065 721 1141 gestans.
1527 1074 1543 1122 6

316 1161 389 1227 675.
428 1181 458 1228 SI
475 1181 668 1229 Pumuvuvs
687 1181 765 1230 auls
786 1168 1013 1250 argumentum
1031 1165 1198 1248 dilemma,
1216 1164 1248 1229 id
1266 1170 1316 1230 eet
1330 1166 1508 1250 conplexio,

227 1290 308 1352 quae
332 1268 555 1334 adversarium
579 1271 620 1335 ab
644 1273 782 1355 utraque
805 1276 898 1356 parte
922 1271 1094 1338 concludit.

315 1376 389 1442 676.
426 1403 578 1444 assuerus
603 1378 732 1459 quidam
752 1380 958 1462 participium
979 1380 1143 1462 praeteriti
1171 1381 1314 1461 tempatis
1340 1381 1417 1461 [sed]
1445 1382 1509 1446 uim

220 1483 393 1561 praeeatis
415 1481 524 1547 tatae
545 1483 663 1568 uolunt,
686 1484 761 1566 auia
777 1505 926 1567 praesens
948 1485 1057 1567 detint.

315 1588 388 1652 677.
427 1615 543 1656 urrann
562 1615 667 1655 suurn
688 1587 743 1654 hoe
764 1593 809 1656 est
830 1591 880 1654 cui
902 1591 1054 1671 defensori
1075 1591 1350 1677 relinquimur,'si
1373 1599 1406 1657 tu
1428 1595 1560 1660 dese-10

225 1693 293 1758 ris?
364 1713 422 1760 cm
441 1713 576 1761 Psavvs
595 1713 697 1762 lvuvs
722 1697 957 1782 interrogantis
981 1701 1040 1763 est.
1077 1702 1110 1762 et
1132 1698 1231 1763 simul
1255 1699 1400 1783 epitheto
1425 1721 1509 1765 eom·

225 1801 358 1866 mandat
381 1805 530 1867 aetatem.

315 1907 389 1972 678.
427 1924 583 1973 comvux
612 1924 785 1985 Qvouuan
816 1907 1012 1994 ‘qnondam'
1043 1914 1100 1975 aut
1131 1912 1305 1996 aliquando
1336 1911 1508 1997 signifieat,

111 2039 115 2046 ·
226 2015 320 2098 quasi
350 2035 434 2080 nuno
463 2036 544 2079 uxor
572 2036 638 2078 non
669 2016 714 2079 sit
745 2038 827 2100 quae
856 2017 1059 2102 relinquitur.
1106 2022 1164 2083 aut
1193 2023 1279 2084 certe
1310 2018 1507 2104 ‘quondam’
1605 2004 1609 2010 ’

226 2118 377 2205 ‘semper'
400 2119 576 2205 significat,
606 2124 643 2186 ut
666 2121 699 2186 in
722 2123 884 2207 georgicis
908 2122 1066 2208 <11199>
1092 2127 1134 2188 nt
1161 2125 1351 2209 quondam
1375 2125 1413 2190 in
1436 2126 1559 2190 sti-16

224 2227 329 2311 pulis
349 2247 509 2312 magnus
529 2227 611 2291 sine
630 2227 783 2292 viribus
806 2229 924 2312 ignis,
947 2233 980 2294 et
995 2232 1058 2314 est,
1082 2252 1179 2314 quam
1194 2253 1322 2315 semper
1337 2233 1507 2316 coniugem

225 2333 413 2398 nominasti.
450 2333 565 2398 haberi
584 2333 669 2397 enim
693 2335 826 2418 quaevis
849 2338 993 2419 poterat,
1015 2336 1177 2402 nominari
1199 2359 1266 2404 non
1288 2338 1353 2404 nisi
1375 2337 1507 2403 nobilis.

225 2445 259 2504 et
275 2439 347 2504 beru
370 2441 421 2521 [eu
442 2441 535 2506 derata
558 2440 746 2521 litterarum]
771 2443 853 2523 quod
873 2447 1049 2612 camporum
1077 2445 1174 2522 timet,
1203 2448 1294 2527 aeusi
1321 2448 1386 2511 iam
1413 2448 1506 2512 conti·

221 2547 314 2630 perit,
337 2547 441 2630 deflet·
464 2568 495 2613 se
512 2551 615 2611 arrum
633 2547 699 2611 ideo
718 2547 859 2610 utnmam
880 2548 970 2632 saci,
993 2551 1075 2630 quod
1090 2550 1160 2631 ipsa
1179 2550 1322 2632 toquitm.
1354 2553 1507 2618 diuersam

224 2657 327 2717 autem
349 2657 479 2718 aetatem
495 2653 601 2736 priori,
629 2653 711 2718 senis
738 2658 767 2718 et
790 2653 926 2734 feminae
948 2655 992 2720 ad
1012 2656 1239 2754 miserationem
1262 2661 1507 2724 commovendam
1525 2669 1559 2717 aa

226 2760 348 2824 ardetur
369 2759 489 2825 abisue.
575 2761 578 2768 ’

257 2875 260 2882 ’
313 2867 389 2933 680.
425 2891 560 2933 srsrrru
573 2887 635 2951 pro
657 2866 787 2933 ‘subito’.
823 2869 1004 2934 adverbium
1024 2875 1069 2936 est
1086 2871 1229 2953 uapore
1246 2873 1412 2938 secundnm
1434 2877 1507 2937 ueto

224 2993 280 3038 res.
372 2999 476 3041 aurore
499 2974 644 3039 oriuntur
664 2976 785 3059 diuina,
808 2979 844 3040 ut
864 2975 936 3042 su:
964 2977 1031 3043 ideo
1053 2983 1083 3043 et
1103 2978 1209 3060 †quia
1230 2979 1376 3044 dicuntur
1398 2980 1507 3044 oritur.

314 3079 388 3145 681.
425 3097 542 3146 nsuvs
570 3099 678 3146 muna
711 3082 851 3147 mutavit
884 3087 1052 3148 noeentum
1082 3085 1283 3168 praepositio
1313 3085 1506 3169 postposita.

226 3207 302 3250 sane
325 3183 433 3249 ‘inter'
456 3185 645 3271 plerumque
668 3208 727 3270 pro
753 3185 834 3271 ‘per'
858 3189 1004 3273 ponitur,
1028 3190 1083 3254 sed
1106 3213 1180 3256 raro
1205 3191 1291 3275 apud
1314 3189 1506 3276 Vergilium,
1524 3201 1559 3251 aa

225 3296 263 3356 ut
280 3290 444 3376 <vi130>
467 3291 565 3358 hune
584 3293 688 3357 inter
706 3293 830 3359 fluvio
850 3293 1059 3361 Tiberinus
1083 3319 1251 3363 amoeno.
1288 3299 1375 3364 bona
1397 3302 1506 3364 autem

297 3473 311 3520 1
331 3483 484 3538 numquam
503 3484 554 3539 pro
573 3468 642 3539 non]
662 3467 696 3522 cf.
715 3468 786 3523 Don.
806 3468 843 3523 ad
862 3469 925 3524 Ter.
943 3469 1029 3524 Andr.
1049 3469 1075 3523 ΙΙ
1094 3476 1119 3538 4,
1139 3477 1162 3525 7.
1191 3487 1253 3526 eun.
1272 3471 1298 3524 ll
1316 3477 1341 3540 6,
1357 3477 1390 3526 66
1404 3473 1414 3540 7
1426 3488 1506 3525 num-

224 3538 321 3609 quam]
341 3539 403 3594 bna.
424 3539 514 3594 11149

296 3704 313 3752 4
331 3699 369 3754 ad
386 3715 411 3752 o.
431 3705 483 3753 674
501 3698 658 3770 Tendebat]
679 3697 820 3754 offerebat.
842 3699 870 3752 P
888 3701 899 3768 7
921 3705 937 3753 6
957 3700 1006 3755 sed
1024 3699 1153 3754 manibus
1171 3699 1215 3753 H:
1233 3700 1283 3754 sed
1301 3716 1357 3755 non
1375 3701 1504 3756 manibus

225 3768 379 3823 LMEOE
399 3771 434 3836 cs.
454 3769 528 3824 Seru.
548 3770 898 3841 666681766366616
918 3770 1081 3840 thilema
1099 3770 1165 3824 LH
1188 3771 1292 3826 deliine
1311 3771 1448 3842 mutue
1466 3773 1505 3826 ad

224 3855 249 3896 o.
270 3844 320 3895 676
340 3839 489 3910 Expertus]
509 3840 623 3909 quidam
642 3838 823 3912 participium
843 3885 849 3896 .
870 3884 876 3895 .
897 3885 903 3897 .
923 3841 1024 3896 deficit.
1046 3843 1099 3912 Ρ7
1119 3843 1302 3912 praeteritum
1320 3844 1431 3912 tempus
1451 3843 1480 3896 P
1496 3844 1504 3912 ¹,

225 3912 269 3966 eet
288 3911 316 3964 P
335 3913 345 3978 7
374 3917 406 3965 10
427 3913 464 3965 ad
481 3927 506 3966 o.
526 3916 576 3966 677
597 3911 702 3966 Tutore
720 3911 846 3982 domum]
872 3912 927 3967 hoe
944 3913 988 3967 est
1007 3912 1051 3967 aui
1070 3911 1210 3968 defensori
1228 3913 1402 3981 (defensoris)
1420 3912 1503 3968 relin-

225 3981 353 4051 quimur?
374 3981 402 4034 P
422 3983 432 4050 7
456 3987 486 4035 11
508 3981 716 4052 epitheton-eet
734 3982 768 4036 H
786 3985 796 4052 7
820 3988 852 4036 13
871 3984 909 4037 ad
925 4001 950 4038 a.
966 3989 1022 4038 678
1046 3983 1172 4038 Coniunx
1189 3984 1343 4054 quondam]
1362 3983 1503 4053 quondam

226 4070 374 4110 ...uxor
396 4069 452 4107 non
474 4051 518 4107 sit.
556 4056 606 4108 aut
628 4054 769 4124 quondam
789 4054 929 4122 (condam)
948 4071 1058 4124 semper
1081 4053 1234 4124 signifieat,
1257 4057 1290 4109 ut
1312 4054 1342 4109 in
1364 4055 1504 4125 georgicis

225 4125 317 4194 (gyor)
338 4123 495 4192 ‘qnondam
514 4125 654 4192 (condam)
674 4168 681 4180 .
701 4167 706 4179 .
727 4165 733 4176 .
754 4125 902 4196 coniugem
921 4125 1080 4180 nominasti.
1101 4125 1156 4194 Ρ7
1181 4129 1213 4179 16
1232 4124 1262 4180 in
1278 4131 1340 4194 post
1362 4126 1503 4194 quondam

225 4211 275 4250 orn.
290 4193 354 4247 LH
364 4193 374 4262 7
390 4201 421 4249 16
441 4197 471 4249 et
488 4198 533 4250 est
546 4197 580 4249 H
583 4196 620 4250 M
624 4197 713 4249 EPt:
731 4197 854 4250 aetatem
868 4197 894 4249 L
921 4199 951 4252 et
968 4199 1012 4251 est
1030 4213 1126 4251 sensns
1141 4194 1166 4250 G
1180 4201 1205 4251 ct
1219 4195 1370 4251 Fabricius
1383 4199 1393 4266 7
1409 4201 1440 4250 17
1454 4212 1503 4265 po-

225 4265 328 4336 teratsst
351 4265 377 4317 L
404 4267 534 4335 poterant
553 4267 590 4320 M
610 4269 620 4336 7
642 4265 750 4321 nobiles
770 4267 808 4320 M
827 4269 838 4336 7
866 4273 899 4322 16
918 4285 952 4323 ex
971 4268 1057 4322 ductu
1075 4268 1234 4322 litterarum
1256 4268 1359 4322 seclusi.
1396 4267 1505 4321 uiddur

225 4337 297 4390 cuim
310 4335 458 4404 Scioppius
471 4338 627 4406 siqnificarc
639 4339 767 4404 votuisse,
786 4339 816 4391 et
834 4340 905 4394 bene
923 4355 980 4393 non
997 4340 1066 4393 satis
1084 4356 1218 4408 apparere
1236 4340 1268 4392 iu
1283 4339 1379 4393 codice.
1394 4339 1404 4406 7
1418 4342 1451 4391 22
1466 4338 1504 4391 ad

224 4423 249 4460 o.
269 4412 321 4462 680
341 4407 483 4478 Subitam]
502 4424 554 4477 pro
573 4407 666 4463 subito
686 4452 692 4465 .
709 4451 715 4463 .
731 4451 738 4464 .
756 4411 874 4464 ueteres.
895 4409 944 4479 Ρ7
962 4409 1096 4492 temporis
1114 4409 1152 4463 P:
1171 4409 1276 4465 ordinis
1296 4409 1340 4480 07
1357 4414 1391 4463 66
1411 4410 1443 4464 ut
1461 4409 1504 4463 sol

225 4475 289 4531 ideo
310 4476 503 4532 Commelinus:
521 4481 553 4532 nt
567 4479 620 4533 soli
634 4479 687 4534 deo
704 4478 747 4546 07
761 4479 890 4550 stigma,
909 4480 976 4551 quia
989 4481 1029 4535 dir
1043 4480 1175 4548 tundunt,
1192 4481 1280 4536 oritur
1294 4481 1329 4535 F.
1345 4480 1502 4535 Schoeltius.

224 4549 341 4614 sortasse
359 4549 389 4602 et
406 4548 536 4620 prodigia
553 4549 684 4604 dicuntur
702 4549 795 4620 61τὶ7
818 4557 852 4605 24
871 4552 908 4606 ad
925 4569 951 4606 o.
971 4557 1020 4607 681
1045 4551 1144 4606 Manus
1162 4551 1248 4623 inter]
1268 4551 1389 4606 mumrit
1406 4567 1503 4606 acoen-

225 4622 286 4672 tnm
304 4620 475 4688 praepositio
494 4621 660 4690 postposita.
689 4621 856 4692 Monstrum]
876 4623 1104 4692 monstrando,
1123 4621 1153 4677 id
1172 4625 1216 4678 est
1233 4623 1371 4678 monendo
1391 4620 1503 4690 dicitur,

225 4691 255 4744 et
276 4691 397 4744 refertur
415 4690 600 4761 adpraesens
623 4691 791 4761 significatio
810 4691 869 4746 eins
888 4692 1150 4762 (significationem).
1207 4692 1347 4764 rodigiam
1366 4709 1432 4748 uero
1451 4693 1504 4759 est,

225 4759 299 4829 quod
318 4763 393 4832 (que)
413 4804 463 4817 ...
482 4762 723 4832 significationem.
745 4762 773 4815 P
789 4764 799 4831 7
816 4763 973 4833 postposita
991 4763 1163 4834 praepositio
1183 4712 1220 4818 ir
1235 4766 1245 4833 7
1263 4769 1297 4818 76
1316 4781 1366 4834 pro
1384 4781 1435 4834 per
1453 4780 1504 4834 po·

224 4831 301 4886 nitur
322 4831 429 4887 LEM
432 4831 475 4886 E:
502 4834 690 4904 praeponitna
707 4833 736 4889 0.
760 4835 805 4901 (cs.
825 4834 972 4902 Scioppius
994 4841 1108 4904 eurpect.
1132 4836 1188 4891 leat.
1213 4835 1298 4904 1116)
1325 4835 1503 4905 postponitur

225 4901 368 4958 [666766
384 4901 558 4974 Burmanni,
578 4903 614 4960 F.
628 4904 778 4960 Sclmelliue
795 4905 828 4959 de
846 4921 901 4960 aaa.
921 4905 938 4960 l.
958 4905 974 4960 t.
994 4923 1022 4974 p.
1043 4909 1093 4960 166
1111 4905 1121 4974 7
1139 4910 1173 4960 26
1192 4905 1307 4961 fluuium
1327 4905 1378 4958 Mt

769 5418 1007 5534 k
