3638 5546
546 457 660 514 001111.
680 459 719 513 ΙΝ
738 459 845 518 veae.
867 463 949 517 ann.
969 463 1016 516 111.
1037 468 1150 518 ss-cs.
1418 463 1483 528 349

293 621 345 686 65.
382 640 516 687 calana
534 641 582 686 nn
599 640 696 688 noan
719 627 776 688 aut
800 625 838 690 de
858 646 946 690 more
965 627 1081 710 gentis,
1104 631 1142 690 ut
1160 627 1259 691 etiam
1278 627 1312 691 in
1328 628 1483 712 Aegypto

206 733 268 792 est:
294 732 351 792 aut
374 733 461 793 certe
484 728 522 793 de
546 751 635 794 more
658 730 894 814 plangentium.
1154 725 1156 730 ’

294 834 345 900 66.
382 861 546 902 meremus
568 838 698 918 inferias
721 839 844 916 damus,
862 841 997 920 proprie.
1076 858 1206 917 ΤΕΡΙΒΟ
1230 857 1343 906 LAOTE
1369 843 1483 916 statim

144 969 150 978 ·
203 941 334 1006 mulcta.

294 1066 424 1115 omnm
446 1050 565 1134 pocula
587 1050 621 1114 in
645 1052 775 1116 modum
799 1053 933 1136 cymbae
957 1053 1053 1118 facta.
1503 1069 1518 1115 5

294 1158 345 1221 67.
382 1174 567 1222 saltavnsls
597 1175 697 1222 sacal
724 1161 760 1226 id
787 1165 831 1225 est
859 1161 898 1225 de
929 1161 1070 1226 victimis
1103 1162 1233 1245 sumpti.
1279 1163 1345 1227 idco
1381 1168 1483 1227 0101001

203 1263 292 1327 lactis
318 1265 532 1347 etsonpninis
554 1267 773 1346 montisfortis
796 1272 851 1350 est,
881 1269 957 1349 qnia
979 1269 1189 1350 adfirrnontnr
1211 1271 1336 1333 uniusne
1360 1271 1434 1334 lacn
1457 1275 1485 1334 ct

202 1369 353 1452 sanquine
379 1370 530 1436 delectori.
584 1371 681 1437 Varro
708 1393 825 1454 qnoque
852 1375 926 1438 datr
952 1374 1094 1438 mulieres
1121 1376 1157 1438 in
1179 1377 1328 1456 exsequiis
1351 1381 1379 1440 et
1401 1377 1484 1441 laeta

203 1477 269 1540 ideo
291 1477 399 1542 solitos
421 1498 478 1540 ora
501 1478 644 1555 menore,
666 1484 701 1542 nt
722 1481 873 1560 sanquine
895 1485 1011 1545 osterse
1034 1482 1144 1561 inferis
1162 1483 1366 1562 satisfaciant,
1388 1503 1484 1563 qnare

202 1584 295 1646 nam
326 1585 502 1648 institutam
534 1589 591 1662 est,
625 1589 659 1648 nt
686 1588 772 1666 apud
797 1587 936 1667 sepnbra
964 1593 993 1650 ct
1018 1588 1157 1651 victitans
1179 1588 1354 1652 caeduntur.
1399 1591 1485 1670 opud
1504 1601 1536 1648 10

201 1695 311 1754 octoas
341 1691 434 1754 etiam
466 1690 602 1756 honines
633 1693 905 1773 interficiebantur,
937 1694 990 1758 sed
1016 1699 1135 1758 nrcrtnc
1166 1693 1261 1757 Innio
1284 1694 1388 1758 anto
1415 1716 1484 1760 cnm

202 1798 316 1862 multoc
343 1802 445 1879 pontes
475 1799 519 1862 od
548 1799 614 1862 eins
641 1798 739 1878 sunus
766 1800 899 1882 captiuos
927 1800 1093 1877 armassent,
1124 1819 1216 1880 nepos
1241 1800 1328 1864 illias
1354 1793 1403 1864 ec's
1429 1805 1484 1882 qni

203 1905 293 1968 missi
321 1910 412 1968 nunt
438 1905 518 1968 inter
546 1924 579 1976 se,
607 1907 777 1988 conposuit,
809 1910 837 1970 ct
865 1907 910 1969 sio
933 1911 1167 1988 pnpnuonnnt:
1200 1911 1230 1970 et
1255 1908 1336 1987 qnod
1362 1910 1485 1972 eranceri

202 2011 290 2074 masi
318 2016 419 2093 mant,
449 2011 520 2075 inde
549 2032 663 2075 manns
690 2012 886 2093 appellatam.
926 2014 979 2078 sed
1004 2014 1151 2094 qnoniam
1178 2018 1391 2094 srtnuptncsnon
1418 2021 1485 2078 erat

202 2121 231 2180 et
257 2117 374 2180 andelo
400 2117 540 2182 notiones
566 2118 613 2181 vel
634 2107 773 2182 hominos
793 2119 973 2200 interficere,
1001 2121 1165 2200 sunmttnei
1187 2119 1295 2184 coloris
1317 2125 1420 2202 coepto
1441 2127 1486 2185 est
1504 2132 1536 2180 15

202 2225 291 2288 vestis
314 2226 444 2289 mortuis
466 2223 551 2308 inici,
574 2229 609 2288 nt
630 2229 659 2288 et
680 2226 744 2306 ipsc
767 2230 895 2297 testata-r
917 2224 986 2307 <VI
1011 2225 1097 2308 221>
1116 2247 1400 2309 purpureasque
1421 2248 1483 2293 sn-

197 2351 267 2410 per
288 2335 402 2396 costes
423 2331 612 2395 velamina
634 2335 722 2394 ncta
744 2336 773 2396 et
795 2331 846 2414 <V
864 2331 1229 2414 79>'pnrpnrcosqne
1250 2335 1345 2398 iacit
1359 2334 1483 2414 flores.

203 2437 262 2500 alii
283 2438 445 2520 scnpnins's
467 2437 622 2517 inserendi
643 2440 686 2502 aa
707 2439 895 2503 sonandus
913 2435 1126 2518 defunctorum
1144 2441 1268 2504 animas
1287 2439 1345 2504 illo
1363 2443 1484 2506 ratione

203 2546 448 2608 sannanim
468 2545 604 2628 trudant,
622 2551 657 2608 nt
674 2547 709 2609 io
725 2547 806 2626 qnod
822 2547 993 2610 euaserant
1010 2547 1171 2610 videnntm
1189 2548 1337 2628 conpore:
1356 2550 1484 2630 sanquis

202 2651 285 2714 enim
307 2651 389 2714 celat
409 2652 534 2714 animae
549 2653 701 2733 possessio
723 2657 775 2735 est,
797 2654 878 2716 ande
900 2673 1066 2734 aesnnpncs
1088 2654 1203 2716 mortun
1221 2655 1374 2718 destinor.
1404 2675 1480 2718 naon
1499 2665 1533 2713 10

203 2763 232 2820 et
249 2757 407 2822 Homerus
429 2757 463 2821 in
485 2759 696 2822 necromantia
715 2780 778 2822 non
790 2761 883 2840 priam
899 2759 979 2838 fucit
996 2760 1079 2840 loqui
1095 2761 1228 2838 animos,
1250 2762 1315 2824 nisi
1332 2763 1482 2842 sanpninc

199 2867 331 2946 pann.
375 2864 434 2928 alii
457 2865 505 2928 lna
526 2869 556 2928 et
575 2867 758 2948 sanquinem
780 2865 819 2929 ab
841 2865 896 2928 boc
918 2866 1086 2947 acnpitmt,
1114 2867 1196 2947 qnod
1216 2887 1282 2930 nnn
1304 2888 1352 2931 res
1375 2869 1483 2944 nutrit,

203 2971 269 3034 ulia
291 2972 460 3036 nutriatur.

292 3079 344 3143 68.
382 3095 592 3156 amnemque
616 3095 793 3144 saevncao
818 3095 997 3144 coamnvs
1021 3099 1089 3160 erpo
1111 3079 1191 3142 sicat
1207 3080 1322 3143 datan
1341 3083 1385 3143 cst
1402 3078 1483 3143 bene

205 3184 348 3248 animam
370 3185 456 3250 lacte
480 3191 513 3251 et
536 3187 693 3268 sanguine
717 3187 757 3250 ad
781 3185 940 3252 tumulum
963 3184 1042 3248 dicit
1064 3185 1219 3249 elicitam:
1243 3186 1327 3249 lacte
1345 3207 1483 3269 namque
1502 3198 1536 3246 25

204 3311 319 3374 corpus
342 3293 488 3357 nutritur
510 3297 586 3376 post
609 3294 734 3380 animae
758 3292 1026 3374 coniunctionem,
1049 3277 1087 3354 ct'
1105 3291 1214 3355 anima
1237 3292 1305 3355 sine
1325 3292 1481 3375 sanguine

202 3420 378 3482 numquam
406 3405 466 3484 est,
491 3423 555 3484 quc
580 3401 680 3465 effuso
703 3399 834 3465 recedit.
871 3401 1009 3483 legimus
1033 3403 1201 3482 praeterea
1223 3399 1258 3462 in
1282 3397 1337 3461 VI.
1362 3399 1481 3483 (325),

274 3600 290 3648 5
311 3591 427 3662 Cymbia
447 3635 452 3648 .
473 3635 480 3647 .
500 3637 505 3648 .
526 3593 613 3665 facta]
638 3593 672 3648 cf.
697 3591 818 3646 Macrcb.
843 3591 900 3648 Sat.
920 3591 945 3644 V
963 3598 1010 3656 21,
1036 3597 1060 3644 9.
1085 3591 1147 3644 leid.
1173 3607 1212 3643 or.
1234 3589 1286 3643 XX
1305 3594 1334 3656 5,
1354 3597 1377 3645 4.
1401 3590 1481 3646 Luat.

204 3664 280 3732 Plau,
300 3665 337 3718 ad
357 3665 427 3718 Stat.
447 3664 535 3719 Theb.
555 3665 593 3718 VI
612 3671 663 3718 212
691 3667 701 3733 11
730 3670 761 3717 19
781 3663 894 3730 sanguis
917 3662 990 3716 enim
1011 3704 1017 3714 .
1038 3703 1043 3714 .
1065 3705 1070 3716 .
1090 3661 1232 3730 dicuntur]
1253 3661 1331 3716 Luct.
1350 3662 1425 3715 Plac.
1446 3661 1482 3715 ad

205 3735 273 3789 snt.
295 3736 381 3790 Theb.
401 3735 439 3789 Vl
459 3743 510 3789 212
531 3738 560 3789 et
577 3735 643 3790 Isid.
663 3753 701 3790 or.
722 3735 759 3787 XI
779 3741 803 3801 1,
824 3739 874 3787 123
901 3734 912 3801 11
938 3739 970 3786 21
991 3732 1140 3804 Homerus]
1162 3731 1211 3785 Od.
1233 3731 1270 3784 XI
1290 3739 1324 3786 96
1347 3735 1356 3800 1
1380 3739 1413 3786 22
1433 3732 1482 3786 alii

204 3848 211 3860 .
232 3847 237 3858 .
258 3848 264 3859 .
284 3806 438 3877 nutriatur]
464 3806 497 3861 cf.
522 3807 599 3862 Luct.
624 3806 700 3862 Plac.
725 3805 762 3860 ad
781 3806 851 3860 Stet.
872 3804 959 3858 Theb.
979 3802 1018 3856 VI
1038 3809 1088 3857 199
1112 3805 1140 3858 et
1158 3809 1219 3858 211.
1238 3803 1302 3857 Isid.
1328 3820 1366 3858 or.
1386 3803 1438 3856 XX
1456 3809 1482 3870 2,

178 3900 179 3903 “
204 3877 399 3946 3412450110
419 3876 542 3932 animam
561 3895 584 3934 e.
605 3896 631 3947 q.
651 3878 685 3949 a]
705 3876 739 3932 cf.
759 3877 899 3946 mythogr.
918 3875 957 3928 111
976 3880 1001 3942 6,
1021 3880 1055 3928 26
1070 3892 1129 3943 sqq.

277 4062 290 4109 1
311 4055 618 4125 (10050111355150
633 4054 701 4108 FH
710 4056 749 4122 15
769 4055 807 4109 ad
825 4054 937 4124 cymbia
954 4069 1041 4121 snpra
1059 4069 1165 4107 versam
1183 4053 1248 4107 boec
1262 4053 1404 4121 adsumpta
1417 4059 1482 4106 sanct

203 4129 235 4182 s'n
256 4128 281 4180 T
304 4144 420 4198 procera
443 4128 545 4197 pocula
567 4125 697 4180 dicuntur
715 4126 826 4195 proprie
852 4125 954 4180 cimbia
977 4123 1095 4178 nauibus
1120 4123 1231 4179 similia.
1265 4124 1379 4192 quidam
1398 4141 1481 4193 pocu-

204 4200 263 4253 lum
290 4199 414 4268 ligneum
440 4216 473 4252 ex
497 4197 581 4252 edera
603 4198 709 4251 factum
733 4197 808 4265 quod
831 4196 929 4250 dicunt
952 4195 1103 4250 eissubium
1127 4195 1243 4249 atinde
1267 4211 1316 4265 per
1339 4195 1482 4263 siuccpam

204 4269 319 4324 dictum.
348 4270 382 4337 es.
403 4271 528 4336 Macrob:
549 4269 606 4324 Sat.
626 4269 651 4322 V
670 4275 713 4334 21,
733 4275 816 4337 tsqq.
831 4270 841 4335 11
861 4265 989 4337 cymbae]
1008 4266 1089 4320 nauis
1107 4283 1183 4334 supr.
1202 4283 1268 4320 cers.
1288 4267 1352 4320 odd.
1372 4267 1433 4333 116
1452 4265 1482 4318 id

204 4343 248 4395 est
272 4341 306 4394 de
331 4341 453 4394 victimis
477 4340 581 4409 sumpti
601 4381 607 4393 .
627 4381 634 4393 .
654 4380 660 4392 .
679 4339 748 4394 iacit
772 4341 853 4394 florea
876 4341 908 4392 in
925 4355 1010 4406 rnnrp.
1030 4339 1091 4392 trab.
1115 4337 1139 4390 Τ
1164 4339 1174 4406 1
1202 4337 1342 4392 71505510
1361 4354 1410 4391 ons.
1433 4336 1459 4388 Τ
1473 4337 1482 4406 11

205 4415 221 4464 8
240 4411 329 4465 Varro
349 4453 355 4465 .
377 4455 382 4467 .
405 4453 411 4466 .
430 4412 499 4465 iacit
517 4411 598 4466 flores
616 4412 677 4466 hab.
697 4411 820 4466 Ambrae.
835 4412 845 4478 11
859 4426 969 4479 quoquc
988 4425 1037 4462 om.
1057 4410 1205 4478 1155510
1224 4409 1419 4462 satisfacerent
1440 4400 1483 4477 Ti,

206 4488 239 4536 10
258 4485 288 4536 et
305 4499 355 4538 om.
370 4475 466 4537 Ambo.
480 4485 490 4551 1
504 4481 655 4537 caedentur
668 4483 762 4535 Ambo.
777 4486 787 4550 1
802 4488 833 4535 12
848 4481 948 4551 nepos]
968 4497 1053 4534 nexos
1068 4481 1162 4535 Ambr.
1177 4482 1186 4548 11
1203 4485 1234 4533 15
1249 4480 1289 4550 et]
1304 4479 1351 4532 uel
1365 4479 1459 4532 Anrhr.
1474 4478 1483 4546 11

204 4553 332 4608 homines
351 4553 397 4608 uel
415 4554 545 4609 uictinms
567 4553 593 4606 T
602 4556 611 4621 1
627 4558 659 4606 16
679 4558 708 4607 et
726 4553 786 4622 ipse
805 4571 847 4606 om
866 4553 983 4620 Anchiali
1000 4556 1030 4604 18
1051 4552 1221 4605 adescendas
1241 4549 1278 4615 F,
1296 4550 1482 4617 100011100ηο0-

203 4627 341 4679 dationcm
364 4643 382 4680 a
404 4625 570 4679 Burmannc
593 4631 831 4679 commnnorutnm.
869 4623 1080 4678 satisfaciendae
1103 4624 1144 4676 vel
1166 4621 1328 4676 assistentes
1346 4621 1483 4674 Boethius

204 4697 242 4751 nd
255 4696 326 4751 Stat.
344 4697 425 4750 Theb.
446 4697 469 4750 V
488 4703 539 4750 315
559 4695 757 4750 adolescendas
772 4695 851 4750 Garis.
874 4695 984 4748 Is'cssa'ns
1002 4693 1164 4748 inescandaa
1182 4693 1223 4747 uel
1241 4691 1392 4746 eliciendas
1407 4692 1481 4744 Bar-

204 4785 323 4822 mannus
345 4769 355 4837 1
376 4774 408 4822 19
428 4767 596 4822 amissarunt
614 4765 645 4820 F
664 4767 673 4835 11
696 4773 730 4820 20
749 4783 903 4835 exsangues
924 4767 1091 4820 Masmcias:
1111 4767 1139 4818 et
1157 4764 1307 4833 sanguinea
1327 4762 1357 4815 F
1383 4779 1481 4816 exsan-

204 4838 303 4907 guines
322 4839 427 4893 Daniel
449 4845 474 4894 et
493 4839 674 4894 Cosamels'nns
694 4841 704 4908 11
725 4845 757 4892 21
776 4837 984 4892 nethromantia
1004 4837 1033 4888 F
1053 4838 1063 4904 11
1085 4844 1119 4890 24
1138 4852 1204 4904 ergo
1222 4836 1336 4903 scripsi:
1354 4851 1407 4902 ego
1428 4833 1458 4886 F

205 4916 239 4964 25
258 4910 369 4964 animae
390 4911 488 4978 111125
509 4909 631 4978 eorporis
651 4909 681 4962 F
