3636 5550
544 432 657 492 coum,
677 434 714 488 lu
734 434 843 488 vulto.
862 433 946 489 AEN.
966 433 986 486 Ι.
1006 439 1155 488 cce-ces.
1425 431 1486 496 191

211 617 249 658 ex
273 593 399 660 Venere
423 597 548 660 tantum
574 618 644 660 esse
671 597 890 681 progenitum:
920 617 1115 681 quemquem
1144 594 1202 659 alii
1226 593 1335 658 dicant
1358 615 1396 659 ex
1420 595 1491 678 ipse

210 705 244 766 et
266 701 384 783 Marte,
413 701 469 766 alii
494 723 532 766 ex
556 701 629 785 ipsa
651 705 684 765 et
708 700 869 786 Vulcano,
896 701 952 766 elii
976 723 1051 765 vero
1075 698 1157 765 Chai
1181 704 1214 765 et
1236 699 1359 783 primae
1382 721 1490 764 rerum

209 813 345 874 naturae
370 830 443 873 eum
467 830 537 894 esse
561 808 666 873 filium
690 809 800 874 veiint.
844 829 920 874 sune
941 814 971 873 et
991 807 1041 872 hic
1058 808 1290 890 persuasoriam
1312 807 1390 890 opit,
1412 807 1492 872 sicut

208 916 363 1000 ammius,
386 915 440 980 uhi
461 915 544 982 Iurm
568 917 611 982 ost
627 915 759 980 Aeolum
783 915 919 998 loquitur
936 915 1060 993 Aeolo,
1083 935 1238 996 numque
1260 912 1338 978 tibi.
1374 913 1491 978 sediti

208 1023 284 1104 qum
311 1023 367 1088 deo
394 1043 463 1088 cum
491 1021 612 1088 hoccine
640 1022 831 1106 loquebatur,
856 1023 1014 1105 principio
1043 1043 1119 1104 opus
1146 1042 1209 1086 nou
1239 1020 1314 1100 fuit,
1346 1019 1395 1084 hic
1421 1032 1525 1086 ueros

207 1130 360 1212 principio
382 1150 459 1196 usus
481 1135 535 1206 est,
565 1130 641 1212 puio
667 1131 724 1194 deo
751 1149 821 1193 orm
848 1129 902 1194 deo
931 1129 1066 1211 lopuitur
1092 1129 1135 1194 sut
1160 1128 1392 1193 benivolentium
1414 1149 1489 1192 emn-

203 1237 392 1317 parandam.
434 1236 527 1302 ‘uate’
541 1236 580 1300 ab
594 1233 859 1318 indulyentissimo
876 1237 1017 1300 nominc:
1035 1255 1130 1300 consu
1148 1236 1264 1300 auroris
1283 1234 1363 1300 ‘nico
1375 1255 1491 1317 mopuo

203 1342 376 1424 potentio’:
398 1345 475 1426 punt
494 1343 590 1426 possit
609 1343 710 1423 secero
732 1341 798 1426 ‘qui
821 1343 880 1408 telu
903 1342 1029 1425 typhum
1052 1341 1189 1408 tonuss':
1211 1364 1272 1425 pro
1295 1363 1354 1425 quo
1377 1341 1491 1423 ‘frater

208 1455 244 1512 ut
268 1450 391 1516 Aenms
412 1451 521 1534 pelope
552 1449 655 1516 tuus’:
688 1455 794 1516 contro
822 1471 910 1532 quem
942 1448 1038 1516 ‘odius
1060 1449 1194 1514 Irenouis
1225 1448 1383 1532 iniqrme':
1415 1469 1490 1514 nom

208 1557 290 1638 meod
309 1558 385 1622 dicit
407 1556 516 1639 ‘freter
534 1557 626 1641 tuus,
648 1579 712 1624 non
736 1557 832 1641 ‘filius
849 1557 955 1635 urcus’,
978 1558 1109 1623 ostendit
1126 1558 1220 1621 etiem
1242 1558 1270 1622 ei
1285 1557 1490 1638 profestorum
1511 1568 1543 1617 ιο

208 1665 263 1744 qni
279 1669 422 1748 repetam
445 1687 522 1730 uum
540 1685 577 1730 ex
594 1686 627 1730 eo
646 1687 754 1748 ponere
773 1671 816 1731 est
833 1666 915 1730 illust
936 1663 975 1730 Sey
993 1670 1096 1730 nostro
1115 1665 1241 1730 deluceti
1257 1684 1345 1747 saepe
1368 1663 1489 1729 dclore’.

208 1772 345 1851 sequitur
367 1793 462 1838 causo
486 1771 577 1838 ‘hune
596 1771 767 1840 Phoenissa
786 1778 864 1838 terret
880 1771 993 1837 Dido’:
1018 1774 1109 1838 timor
1130 1773 1231 1854 ipsius
1254 1770 1294 1836 ‘et
1310 1792 1412 1837 veram
1431 1793 1490 1854 quo

207 1898 239 1944 se
260 1878 400 1946 Iunonia
422 1886 543 1946 vertum
561 1879 727 1962 hospitia':
756 1901 821 1946 rem
842 1882 945 1962 ipsam
972 1878 1131 1962 ‘quocum
1153 1900 1258 1962 cupere
1281 1883 1351 1944 unte
1377 1877 1490 1943 dolrs’:

208 1985 317 2051 mortem
345 1985 422 2068 ‘quo
447 1987 548 2068 secere
571 1988 606 2052 ist
621 1986 758 2069 possis':
785 1989 935 2069 quonutiu
963 1985 1093 2050 ‘melem
1115 2007 1178 2052 uon
1201 1986 1337 2068 amplius
1358 1979 1490 2051 renom'r

207 2113 251 2161 ou
277 2093 405 2176 difficile
429 2095 471 2158 sit
498 2093 542 2159 ‘et
562 2099 650 2160 notos
673 2095 766 2176 pueri
785 2115 866 2176 puer
893 2096 987 2160 indue
1009 2093 1145 2159 cultus':
1171 2095 1318 2176 quonsodo
1347 2092 1398 2157 ‘ut
1423 2113 1492 2158 cnm
1513 2104 1546 2152 le

208 2203 235 2262 te
258 2201 376 2281 premio
403 2201 530 2284 mopict
556 2201 726 2266 lectissim
748 2199 867 2266 Dulo':
894 2201 992 2266 subito
1019 2201 1138 2268 amutii
1165 2199 1331 2266 ‘ocmltum
1360 2201 1493 2282 inspires

207 2306 308 2387 ipuem
324 2306 478 2390 fallasque
495 2306 640 2374 uenum':
663 2307 745 2374 nihil
761 2308 924 2390 promisit
947 2309 1023 2390 qnid
1039 2309 1121 2373 enim
1140 2309 1331 2391 promitteret
1347 2307 1424 2374 deo?

208 2429 331 2492 sonus,
355 2431 448 2478 uara
476 2415 531 2499 qui
554 2414 642 2480 Iovis
667 2415 847 2481 contemnis
870 2415 1022 2501 fulmina,
1053 2437 1135 2500 quee
1158 2415 1220 2481 diis
1245 2416 1360 2482 ceteris
1384 2415 1491 2480 solent

209 2541 280 2584 esse
303 2521 427 2586 terrori.

296 2628 371 2694 665.
407 2647 531 2696 cerrus
551 2647 662 2696 evum
685 2653 769 2697 nunc
793 2630 924 2716 quidem
948 2632 986 2696 de
1010 2629 1086 2697 Iove
1110 2632 1240 2716 proprie
1263 2629 1355 2695 dixit.
1387 2629 1489 2695 scien·
1508 2639 1543 2688 eo

207 2733 284 2800 dum
314 2739 422 2802 temen
453 2759 512 2822 pro
544 2736 703 2821 qualitate
734 2759 842 2803 rerum
877 2738 930 2804 vel
960 2759 1171 2822 personarum
1202 2759 1365 2802 summum
1396 2737 1491 2802 deum

207 2841 270 2906 dici
293 2844 345 2908 vel
368 2847 508 2929 petrem3
539 2867 613 2909 nam
643 2846 864 2931 unusquisque
888 2867 962 2910 eum
986 2867 1147 2910 summum
1175 2848 1272 2928 putet
1300 2865 1371 2908 csse
1395 2864 1491 2928 quem

207 2949 299 3034 colit,
321 2954 359 3014 ut
382 2973 526 3016 summe
549 2952 658 3018 deum
682 2953 809 3018 sancti
833 2958 967 3018 custos
992 2951 1166 3018 Soractis
1191 2949 1343 3036 Apollo.
1433 2969 1491 3014 rr·

207 3061 326 3122 Pfloiis
349 3059 446 3124 multi
470 3057 651 3144 ‘Typhoia’
676 3060 804 3146 legunt,
831 3065 869 3126 ut
892 3042 1035 3126 cerialia
1047 3061 1080 3124 et
1103 3058 1257 3125 cereales.
1303 3055 1490 3141 ‘Typhoia'

208 3166 318 3229 eutem
342 3163 425 3230 dixit
447 3188 512 3231 non
536 3167 653 3250 quibus
678 3166 854 3252 Typhoeus
877 3190 955 3232 usus
979 3169 1042 3250 est,
1065 3165 1121 3231 sed
1145 3165 1262 3249 quibus
1286 3163 1434 3248 Iuppiter
1456 3164 1491 3228 in
1509 3175 1543 3224 26

207 3268 413 3355 Typhoeum:
433 3279 458 3336 ‘a
477 3272 591 3356 spoliis
617 3273 663 3354 [id
683 3278 734 3340 est
751 3273 886 3354 virtute]
907 3278 940 3339 et
958 3273 1095 3338 victorie
1116 3271 1286 3356 epitheton
1308 3271 1432 3355 posuit,
1455 3274 1491 3335 ut

207 3373 316 3461 Scipio
349 3378 522 3444 Africanus
556 3382 590 3444 et
608 3379 772 3446 Metellus
806 3377 962 3446 Creticus.
1057 3395 1187 3444 esurus
1221 3377 1408 3462 aphaeresis
1441 3381 1492 3442 est

202 3504 265 3566 pro
288 3487 478 3552 contemnis.
523 3486 586 3552 heo
610 3491 719 3552 eutem
742 3487 836 3551 leude
860 3486 922 3551 hcc
945 3486 1028 3571 egit,
1057 3486 1156 3551 facile
1180 3507 1253 3550 eum
1276 3506 1372 3578 posse
1394 3482 1490 3549 luno·

205 3611 280 3654 nem
304 3597 509 3660 contemnere
534 3593 590 3678 qui
613 3593 793 3658 contemnit
815 3596 849 3657 et
871 3591 991 3658 Iovem.

278 3820 413 3893 theoto]
433 3823 464 3876 A.
485 3823 496 3875 I
517 3828 550 3876 65
573 3823 584 3890 ΙΙ
606 3829 640 3876 23
660 3821 779 3893 summe]
798 3821 830 3877 A.
850 3822 889 3876 XI
908 3827 960 3876 '185

205 3947 418 3958 v—--—-.

278 4042 293 4090 6
318 4051 350 4091 eo
377 4035 400 4092 0
427 4036 479 4091 deo
504 4035 540 4091 0²
565 4037 575 4106 ΙΙ
603 4043 692 4106 spru
716 4054 771 4106 quo
793 4038 842 4091 uie
865 4039 995 4105 apparu,
1013 4037 1080 4106 qnia
1097 4036 1220 4090 rodendo
1242 4039 1401 4106 corruptum
1426 4041 1464 4090 cst
1482 4037 1491 4106 ll

206 4111 222 4160 9
245 4119 311 4162 nam
334 4107 410 4178 quod
433 4107 514 4180 dicit]
543 4108 659 4173 sonasse
682 4110 712 4162 et
733 4107 808 4177 quod
831 4107 907 4162 dicit.
940 4113 1085 4177 praetereo
1108 4109 1205 4162 contra
1228 4123 1311 4175 quem
1336 4107 1423 4163 ‘ediis
1446 4107 1490 4161 lu·

206 4178 286 4232 nonis
314 4177 442 4247 iniquae'
470 4185 533 4248 post
560 4178 656 4235 dolore
684 4181 745 4248 (tin.
767 4181 812 4247 11)
835 4180 994 4234 collocanda
1020 4179 1185 4248 vinculari
1214 4185 1246 4233 12
1270 4196 1325 4248 quo
1350 4196 1379 4233 sc
1404 4179 1490 4233 iunor'r

206 4248 271 4302 ueri
290 4250 360 4319 hosp
378 4267 432 4318 quo
453 4251 496 4316 0¹,
515 4255 546 4304 ut
564 4251 685 4316 videtur,
711 4253 743 4306 in
760 4267 869 4306 rasura.
907 4269 932 4310 e.
953 4269 991 4306 se.
1011 4269 1029 4306 1.
1048 4269 1073 4304 v.
1093 4251 1164 4304 Rem
1182 4249 1273 4320 ipsam
1292 4269 1345 4310 evo
1370 4252 1490 4304 euotom't

206 4319 362 4390 Scioppius.
400 4327 450 4376 aut
468 4323 526 4390 epse
543 4327 594 4376 aut
612 4323 716 4376 Daniel
730 4339 785 4391 pro
803 4323 873 4390 hosp
893 4340 907 4376 e
925 4323 1082 4377 coniectura
1099 4339 1159 4376 rem
1177 4321 1269 4391 ipsam
1290 4323 1431 4390 scripsisse
1449 4323 1489 4376 vi-

205 4391 291 4448 detur.
306 4394 315 4461 l
329 4399 363 4446 20
378 4393 416 4448 act
429 4411 453 4448 v.
469 4399 521 4448 665
539 4393 631 4448 Petris
646 4393 760 4465 summi]
779 4411 919 4448 summum
933 4393 1124 4462 unusquisque
1142 4395 1225 4463 putat
1243 4409 1302 4448 esse
1322 4409 1386 4448 eum
1404 4409 1488 4461 quem

204 4463 286 4530 colit,
305 4465 337 4518 ut
356 4503 362 4518 .
379 4505 406 4519 ..
427 4464 539 4534 Apollo.
568 4465 703 4535 Typhoea
720 4481 777 4520 non
796 4464 867 4519 dixit
884 4464 984 4534 quibus
1000 4463 1150 4534 Typhoeus
1164 4480 1230 4518 neus
1244 4467 1300 4532 est,
1319 4465 1367 4519 sed
1387 4464 1489 4532 quibus

204 4533 330 4604 Iuppiter
348 4534 377 4589 in
397 4535 568 4605 Typhoeum.
601 4537 631 4590 et
653 4536 799 4606 epitheton
818 4553 835 4591 a
853 4536 951 4608 spoliis
975 4538 1005 4591 et
1026 4533 1146 4589 uictoria
1168 4535 1275 4604 posuit,
1302 4538 1334 4590 nt
1353 4577 1358 4588 .
1376 4577 1403 4590 ..
1424 4552 1488 4589 con-

204 4606 312 4662 temnis.
351 4607 404 4662 hoc
427 4606 522 4662 dicit.
543 4651 549 4662 .
570 4648 575 4662 .
600 4607 648 4675 qui
672 4609 767 4662 Iouem
793 4607 956 4662 contemnit.
979 4606 1007 4659 P
1027 4608 1036 4675 ΙΙ
1064 4612 1096 4660 21
1117 4607 1200 4660 deum
1219 4621 1269 4660 orn.
1288 4605 1316 4658 B
1344 4623 1407 4660 eum
1429 4605 1490 4678 0¹1!

204 4682 238 4731 24
257 4677 373 4732 cerialia
394 4679 423 4733 et
447 4678 567 4734 cerealia
589 4678 629 4730 L:
653 4677 775 4733 cerealia
792 4679 820 4732 B
848 4678 1028 4733 ecerealieG
1057 4676 1178 4732 cerealia
1200 4679 1229 4731 et
1252 4677 1371 4732 cerealia
1390 4677 1463 4732 ΗΜ
1480 4690 1489 4733 ¹!

203 4748 326 4818 typhoea
343 4749 414 4804 ΒΜ
418 4751 442 4803 t:
460 4749 576 4819 typhoia
596 4747 687 4803 GLH
696 4751 706 4819 ΙΙ
719 4755 753 4804 26
773 4751 802 4804 et
820 4749 966 4820 epitheton
986 4767 1004 4804 a
1023 4748 1121 4818 spoliis
1140 4750 1170 4803 et
1187 4749 1306 4803 uictoria
1324 4749 1420 4818 poenit
1438 4747 1462 4803 (i
1487 4753 1489 4787 l

202 4819 231 4873 id
249 4822 292 4875 est
310 4819 414 4876 uirtute
432 4837 482 4876 om.
503 4822 540 4875 M
543 4863 551 4885 ‚
574 4827 740 4890 expunctum
758 4827 796 4875 est
814 4826 839 4874 et
857 4838 876 4874 o
893 4838 979 4874 manu
997 4821 1143 4876 recentiore
1166 4819 1246 4889 glosa
1267 4823 1484 4890 superscriptum

202 4891 233 4946 iu
252 4890 278 4944 L
291 4893 302 4962 ΙΙ
315 4898 349 4946 27
367 4911 477 4947 reursrs
497 4892 570 4946 HM
581 4894 638 4962 {128
658 4893 730 4964 egit]
750 4893 791 4947 ait
810 4892 862 4962 Hi
876 4898 910 4946 29
930 4894 1127 4962 contempnere
1143 4891 1216 4945 HM
1226 4893 1237 4960 l
1250 4891 1429 4962 contempnit
1449 4889 1485 4946 M
