3638 5546
553 469 667 525 COMM.
686 470 726 524 IN
744 469 853 527 VERG.
872 471 955 526 AEN.
974 472 1008 525 Il.
1029 477 1179 527 643-657.
1439 473 1505 538 315

223 635 396 716 uentorum,
417 633 506 696 utin
530 632 626 697 VIII.
648 631 756 716 (429)
781 633 852 700 tris
874 633 1006 698 imbris
1029 635 1119 698 torti
1141 637 1280 715 radios,
1305 638 1375 702 tris
1397 637 1506 702 nnhis

223 759 384 821 aquosae
409 739 644 806 addiderant.
733 759 808 804 sone
829 740 866 804 de
891 739 1077 821 fulmimhus
1099 742 1154 806 hoo
1175 744 1323 824 seriptum
1346 745 1381 808 in
1403 764 1504 809 recon-

222 847 298 910 ditis
320 846 474 910 invenitur
497 847 645 928 quodsi
670 867 774 928 quem
790 847 1002 929 prinoipem
1025 849 1194 914 civitatis
1217 850 1273 914 vel
1294 869 1410 932 repom
1431 851 1506 931 ful·

223 973 302 1017 men
324 942 537 1035 afslaohrit
559 957 593 1016 et
612 953 877 1037 supervixerit,
898 958 1070 1036 posteros
1092 956 1170 1020 eins
1193 955 1336 1021 nobiles
1356 956 1507 1037 futuros

223 1065 256 1124 et
276 1063 448 1124 aeternae
472 1059 627 1140 phariae.
717 1059 843 1124 Fabula
870 1079 946 1124 soree
974 1060 1047 1125 tah's
1075 1065 1133 1126 est:
1160 1082 1230 1126 eum
1257 1063 1339 1128 inter
1365 1063 1540 1146 aequatas

222 1167 399 1250 epidamtsrr
416 1165 579 1249 Anchises,
599 1166 752 1248 ploriotns
776 1167 911 1231 traditur
933 1167 970 1230 de
987 1167 1146 1232 mathita
1165 1167 1298 1235 Veneris
1334 1171 1416 1252 quod
1437 1189 1506 1234 urm
1593 1219 1600 1233 .

223 1273 293 1338 Ioci
317 1272 418 1338 Venus
440 1277 546 1354 questa
568 1277 655 1356 esset,
678 1273 817 1351 enauit,
839 1277 876 1338 ut
893 1274 927 1338 in
946 1273 1113 1338 Anchisem
1133 1273 1273 1354 tirlmina
1295 1277 1505 1354 mitterentur;

222 1381 275 1446 sed
302 1380 403 1445 Venus
425 1399 493 1442 eum
515 1399 585 1443 enm
606 1379 739 1459 fulmine
754 1399 845 1460 posse
866 1379 991 1444 sridisset
1018 1381 1167 1460 interimi,
1195 1383 1344 1448 miserato
1367 1384 1505 1447 iuuenem

224 1487 258 1550 u
280 1486 379 1551 aram
394 1490 519 1568 panas
539 1485 659 1566 sarua
682 1487 820 1568 amar,
843 1484 994 1552 nnana
1017 1491 1119 1552 unta
1141 1487 1272 1570 arnna
1294 1490 1364 1572 nu
1386 1474 1506 1554 nemu

223 1613 340 1675 semper
362 1592 470 1658 debilis
491 1592 579 1657 uim't.
1526 1607 1559 1656 10

312 1698 386 1763 651.
423 1715 490 1764 uos
515 1715 654 1765 consus
683 1699 941 1783 praepositiones
965 1700 1017 1764 vel
1045 1699 1200 1766 adverbia
1222 1702 1255 1766 in
1279 1699 1331 1766 ‘a'
1355 1701 1507 1766 exeuntis

222 1806 317 1871 modo
336 1805 519 1890 producunt
537 1805 687 1870 ultimam
705 1805 866 1888 litteram,
890 1807 1024 1889 excepto
1048 1805 1150 1890 ‘puta'
1174 1810 1207 1871 et
1231 1807 1310 1891 ‘ita',
1333 1808 1418 1892 apud
1441 1807 1506 1873 En-

222 1913 313 1978 nium
341 1915 374 1976 et
396 1911 573 1976 Pacuuium
601 1912 713 1976 brevia
743 1916 829 1976 sunt.
873 1911 950 1976 hinc
978 1914 1029 1976 est
1056 1913 1142 1996 quod
1170 1915 1270 1978 etiam
1299 1935 1506 1979 numerorum

223 2019 356 2084 nomine
380 2017 623 2084 indeclinabilia
644 2017 879 2101 producuntur,
907 2021 944 2083 ut
966 2016 1002 2100 <1
1026 2017 1112 2102 269)
1136 2020 1309 2105 triginta
1338 2041 1506 2105 magnos.

223 2149 262 2190 ea
284 2147 360 2191 vero
385 2147 467 2211 quae
492 2124 695 2189 declinantur
717 2124 828 2190 brevia
852 2127 928 2188 sunt
951 2123 1125 2189 seeundum
1148 2127 1310 2191 rationem
1338 2127 1505 2191 nominum
1527 2139 1559 2187 15

223 2233 258 2297 in
282 2230 325 2297 ‘a'
349 2231 544 2296 exeuntium.
635 2256 744 2296 rrrrsr
764 2255 902 2297 tscnms
917 2251 977 2312 pro
1000 2230 1093 2311 effusi
1114 2233 1149 2297 in
1171 2233 1326 2298 mnas.

312 2338 387 2404 652.
424 2353 603 2416 omnisque
624 2354 742 2403 uomvs
766 2337 862 2402 modo
881 2336 1054 2422 familiam,
1073 2337 1154 2404 elias
1175 2338 1389 2424 domicilium,
1408 2339 1506 2404 inter·

224 2445 301 2510 dnm
323 2466 359 2510 re
383 2466 461 2510 vera
483 2444 623 2510 domum.

313 2551 387 2617 653.
423 2577 558 2626 rsrosrn
579 2577 706 2618 rsosnrr
722 2549 919 2638 (recursura)
938 2552 1040 2618 simule
1053 2557 1098 2618 est
1109 2558 1146 2619 nt
1164 2552 1344 2620 ‘tumentem
1357 2553 1507 2638 incitore',

225 2659 488 2743 ‘praccrpitmtcm
511 2656 683 2741 tupelhre’.
1024 2718 1027 2726 ,
1525 2671 1559 2720 2ο

312 2765 387 2832 655.
424 2790 540 2831 suasus
559 2789 594 2831 ru
612 2791 692 2831 nnus
714 2791 807 2831 reson
838 2767 929 2848 quasi
960 2767 1093 2847 quodam
1125 2765 1240 2830 dolore
1268 2767 1396 2848 impetn,
1427 2767 1509 2848 qood

218 2879 311 2957 poter
333 2873 460 2938 hherari
481 2893 544 2938 nou
566 2873 771 2954 acquiesceret.
852 2853 999 2938 noeriis
1023 2889 1113 2938 orso
1138 2876 1254 2938 eontra
1275 2871 1418 2937 fatorum
1440 2872 1506 2936 vim

225 2985 258 3046 et
282 2980 397 3046 matris
421 2979 586 3044 auxilium.

314 3086 389 3152 656.
425 3111 586 3159 ueneror
609 3111 767 3152 cousrmrrr
791 3088 882 3169 quasi
903 3087 1032 3152 anuuit
1051 3085 1159 3169 rapina
1182 3086 1289 3151 audito
1312 3083 1508 3168 ‘morientum

225 3194 417 3259 miserimus
439 3190 533 3276 opto’,
559 3193 604 3258 sia
625 3195 784 3277 respondet
803 3194 927 3259 Astreus
950 3192 1041 3258 ‘uam
1062 3193 1145 3275 quod
1165 3193 1328 3258 seruilium
1350 3197 1406 3258 aut
1428 3212 1508 3274 quae
1525 3205 1560 3254 25

222 3303 288 3366 iam
309 3299 442 3381 fortuna
464 3297 633 3364 dobomr’?

314 3407 387 3472 657.
424 3421 520 3470 nunu
548 3406 704 3490 probatae
732 3406 865 3491 pietatis
894 3407 1006 3472 filium.
1038 3428 1134 3478 ,nam
1162 3406 1355 3491 pronomina
1383 3404 1507 3470 habent

222 3515 289 3580 vim
320 3534 426 3597 suam,
457 3533 701 3596 nonnumquam
731 3516 765 3578 et
795 3513 978 3598 emphasin,
1011 3516 1047 3578 ut
1077 3513 1268 3578 cantando
1299 3516 1339 3578 tu
1370 3511 1502 3576 illum?
1603 3521 1606 3532 '

295 3713 311 3762 5
331 3723 395 3762 cum
412 3705 486 3760 inter
505 3749 511 3760 .
532 3751 538 3762 .
559 3749 565 3760 .
584 3703 685 3760 debilis
704 3704 795 3830 vixit}
814 3705 850 3762 oi.
869 3706 1009 3830 mythoqr.
1029 3707 1055 3760 II
1075 3710 1126 3760 195
1149 3706 1159 3774 l
1183 3711 1213 3759 11
1238 3703 1461 3775 praepositiones
1480 3719 1505 3758 e.

224 3798 251 3850 q.
271 3778 305 3862 5.]
332 3777 366 3832 ci.
386 3777 515 3832 Priscu
538 3795 566 3847 p.
585 3781 634 3844 65,
652 3783 687 3831 20
702 3776 736 3831 Η.
796 3776 880 3859 robus
903 3777 938 3859 de
961 3779 1011 3859 ut
1036 3777 1097 3845 syll.
1116 3793 1143 3845 p.
1163 3781 1228 3844 252Ι
1249 3781 1290 3829 11.
1313 3792 1340 3844 p.
1360 3779 1426 3841 254,
1440 3781 1456 3828 2
1471 3773 1505 3828 Κ.

225 3846 1248 3990 resistere?sees·e·messinestre*-1‘·
1264 3851 1324 3914 ²⁸⁸¹
1340 3851 1381 3902 ¹⁹⁴
1401 3862 1428 3914 l·
1443 3850 1506 3914 Μ’

298 4105 310 4152 1
331 4097 382 4152 tris
402 4139 408 4152 .
428 4139 434 4152 .
456 4138 462 4149 .
482 4095 660 4168 addiderant]
680 4098 709 4151 et
726 4096 873 4165 sequentia
892 4097 916 4151 0
935 4098 945 4166 l
968 4103 984 4150 2
1005 4113 1072 4152 sane
1091 4095 1126 4150 de
1144 4093 1306 4150 fulminibus
1326 4135 1331 4147 .
1353 4138 1358 4150 .
1380 4137 1385 4149 .
1405 4093 1506 4149 debilis

223 4168 295 4224 vixit
312 4170 344 4222 in
361 4185 447 4238 marp.
466 4167 577 4235 exempl.
595 4166 687 4221 Basit.
705 4169 816 4236 scripsit
834 4168 962 4237 Dauictl
980 4173 996 4222 6
1016 4167 1178 4238 epularetur
1196 4166 1299 4220 Daniel
1307 4153 1342 4219 ‘ct
1359 4166 1506 4248 55555555..-

225 4241 363 4296 exultaret
376 4239 525 4308 Scioppius
538 4239 658 4292 enotavit
670 4238 711 4306 l8
730 4255 792 4294 eum
812 4255 876 4294 enm
895 4239 1014 4294 Daniel:
1032 4255 1098 4305 eum
1116 4256 1180 4293 cnm
1199 4237 1346 4306 Scioppius
1358 4238 1368 4305 l
1382 4235 1506 4290 rnterimi

223 4311 341 4365 vidisset
358 4310 463 4366 Daniel
484 4311 494 4379 5
522 4315 538 4364 2
557 4309 664 4364 fulmen
683 4310 802 4364 detorsit
819 4310 925 4365 Daniel
943 4316 968 4365 et
985 4311 1117 4380 muthopr.
1136 4308 1241 4364 tulmen
1261 4324 1311 4362 om.
1330 4301 1479 4376 Scioppius
1504 4364 1506 4374 Ι

226 4389 258 4436 11
273 4383 311 4438 ad
323 4399 349 4436 o.
364 4387 414 4436 551
436 4380 523 4435 Effusi
537 4379 673 4451 lacrimis]
693 4397 744 4450 pro
759 4381 839 4436 effusi
858 4382 887 4436 in
905 4381 1045 4436 lacrimas.
1061 4381 1111 4451 ΡΙΙ
1126 4387 1158 4435 12
1174 4383 1202 4434 55
1215 4379 1257 4434 ita
1274 4395 1324 4434 om.
1340 4379 1373 4432 H
1388 4381 1506 4447 excepto

225 4455 294 4524 puts
312 4456 342 4507 55
358 4453 400 4507 ita
419 4453 485 4522 quia
502 4454 583 4522 oulpo
602 4453 720 4521 excepto
737 4455 807 4521 puta
826 4454 855 4507 et
872 4452 914 4506 ita
931 4469 1004 4522 quae
1025 4451 1164 4506 Votienus
1177 4451 1252 4504 Eun.
1266 4465 1339 4519 poes.
1353 4451 1399 4504 rel.
1411 4466 1442 4517 p.
1456 4454 1506 4503 180

224 4526 340 4591 tortasse
358 4527 475 4593 excepta
493 4522 535 4578 ita
554 4527 583 4577 et
601 4522 675 4591 quis.
699 4524 734 4589 cs.
749 4521 824 4578 Ser-o.
839 4525 871 4578 de
884 4525 932 4590 fin.
945 4541 974 4592 p.
990 4529 1050 4588 454,
1066 4529 1100 4576 24
1110 4523 1147 4576 Κ.
1162 4527 1187 4576 et
1202 4521 1292 4574 Prisc.
1306 4521 1332 4573 ll
1346 4525 1390 4586 55,
1404 4526 1439 4574 2ο
1450 4519 1505 4586 llg

228 4601 261 4649 14
278 4594 482 4667 producuntur]
501 4610 520 4663 a
537 4593 729 4664 producuntur
748 4595 786 4647 M
809 4611 827 4648 a
845 4593 1004 4664 producunt
1021 4593 1052 4647 Ε
1056 4595 1092 4717 lg
1101 4609 1218 4663 magnos
1233 4591 1277 4645 11.-
1295 4607 1345 4644 om.
1362 4590 1400 4656 L,
1419 4607 1506 4672 anuos

226 4667 264 4719 M
269 4668 279 4721 l
306 4682 425 4736 magnos
444 4683 530 4722 annos
543 4666 596 4736 ΕΙ
611 4671 643 4719 15
661 4665 812 4736 rationem]
831 4664 1049 4720 declinationem
1088 4663 1116 4734 Ἰ
1132 4670 1164 4718 17
1178 4661 1288 4718 familia
1300 4661 1381 4730 oulpo
1394 4662 1404 4729 ΙΙ
1418 4661 1506 4715 domi·

225 4771 333 4843 ailium]
362 4772 436 4854 quod
465 4772 502 4828 ad
527 4775 638 4856 tempus
667 4770 786 4826 sumitur
809 4771 873 4826 add.
897 4772 923 4825 L
954 4771 1080 4842 superior
1103 4787 1168 4840 pars
1191 4769 1290 4824 domus
1311 4769 1475 4849 superseri
1497 4769 1505 4838 ll

225 4849 259 4897 24
277 4844 411 4915 vetuerit]
431 4861 470 4899 an
487 4845 628 4900 renuent?
646 4845 656 4913 fl
676 4849 711 4897 25
730 4841 880 4912 respondet
897 4845 1009 4912 scripsi:
1027 4840 1210 4913 responderet
1229 4840 1277 4908 Ol
1296 4844 1330 4894 28
1349 4855 1407 4894 mm
1425 4854 1504 4893 suam

224 4931 274 4970 om.
296 4914 394 4986 MDl
416 4918 446 4971 st
463 4933 512 4972 om.
532 4915 640 4985 MEll
662 4913 770 4970 entasin
787 4913 854 4970 ΗΕ
879 4913 998 4970 emissin
1016 4915 1055 4968 Μ
