3638 5546
331 419 397 484 306
908 416 1029 472 sanun

330 587 427 647 tuus.
472 581 629 647 Horatius
652 603 870 666 puerosque
894 581 1027 648 Ledae.
1064 583 1097 646 et
1120 583 1170 644 est
1193 577 1366 665 Graecum,
1390 603 1466 676 nam
1489 583 1613 658 παῖδας

330 689 449 754 dicunt.
494 688 657 753 interdum
680 692 791 754 tamen
815 688 914 753 etiam
937 688 977 752 ad
1002 691 1144 753 aetatem
1166 687 1314 754 refertur.

418 796 492 862 599.
530 821 639 862 crucia
657 796 884 874 annumerare,
911 797 1002 878 quusi
1024 799 1216 878 quaerentes:
1245 800 1403 878 tempium
1419 815 1517 878 prope
1537 797 1612 879 siut

329 907 357 966 et
378 893 478 968 adhuc
499 923 558 967 seio
580 923 672 986 opera
694 903 783 981 taio
804 923 868 968 nou
889 907 1037 968 evomui.

295 1021 310 1070 5
418 1009 491 1074 600.
529 1025 705 1074 nnvsnarr
724 1025 822 1076 ausis
847 1013 904 1074 aut
926 1009 1136 1094 percusserit,
1158 1013 1196 1074 ut
1214 1007 1368 1092 <x314>
1392 1009 1496 1074 latus
1519 1009 1612 1076 hau·

328 1115 389 1182 rit.
407 1118 595 1200 apertum3
619 1119 676 1180 aut
698 1117 870 1181 voraverit.

419 1222 493 1287 601.
529 1239 744 1287 nruonamrs
769 1224 861 1308 atqui
883 1221 971 1288 Iovis
1000 1227 1062 1308 est,
1089 1243 1156 1286 non
1178 1221 1340 1307 Tyndarei
1366 1222 1451 1308 filia3
1483 1224 1538 1288 sed
1562 1223 1611 1288 sic

329 1328 465 1393 dicimus
498 1326 726 1413 ‘Tyndaridis’
759 1328 799 1393 de
827 1327 966 1412 Helena,
998 1333 1036 1393 ut
1067 1328 1106 1393 de
1129 1327 1268 1394 Hercule
1292 1317 1612 1414 Amphitryoniades.

328 1457 404 1500 nam
427 1436 466 1500 de
490 1435 567 1501 Iove
591 1439 624 1501 et
646 1434 733 1500 Leda
756 1435 826 1500 nati
854 1438 931 1499 sunt
952 1434 1070 1500 Pollux
1097 1438 1131 1500 et
1153 1434 1292 1520 Helena,
1321 1435 1359 1500 de
1383 1435 1552 1520 Tyndareo
1576 1438 1612 1500 et

277 1555 311 1603 10
329 1539 418 1606 Leda
440 1540 569 1626 Castor,
597 1543 652 1626 qui
676 1542 766 1607 solus
791 1541 940 1606 mortalis
969 1541 1045 1606 fuit:
1073 1541 1156 1606 unde
1179 1539 1346 1627 Vergilius
1370 1541 1423 1626 <V
1424 1541 1441 1606 Ι
1468 1542 1552 1625 121>
1576 1543 1611 1607 si

329 1648 489 1714 fratrem
520 1649 663 1715 Pollux
695 1649 850 1714 alterna
879 1651 1001 1714 morta
1033 1649 1214 1733 redemit,
1250 1649 1306 1734 qui
1338 1649 1610 1714 inmortalitatem

329 1777 422 1820 suam
445 1777 518 1820 cum
541 1756 642 1821 fratre
665 1755 806 1839 partitus
829 1758 887 1820 est.
926 1754 1087 1820 Helenam
1110 1777 1187 1822 vero
1210 1756 1416 1821 inmortalem
1439 1755 1538 1821 fuisse
1561 1756 1611 1820 in·

329 1861 416 1926 dicat
447 1866 584 1946 tempus.
633 1883 710 1926 nam
742 1863 871 1926 constat
902 1860 1021 1926 fratres
1053 1862 1121 1927 eius
1155 1883 1228 1928 cum
1261 1861 1462 1947 Argonautis
1495 1862 1609 1928 fuisse:

329 1966 594 2054 Argonautarum
616 1968 678 2032 filii
701 1989 774 2033 cum
796 1967 958 2032 Thebanis
982 1967 1056 2033 belo
1079 1968 1324 2034 dimicaverunt.
1370 1970 1449 2035 item
1476 1968 1610 2036 illorum

276 2087 309 2136 15
328 2073 390 2139 filii
413 2078 527 2140 contra
549 2073 682 2140 Troiam
705 2074 795 2138 bella
817 2077 995 2158 gesserunt
1036 2095 1119 2162 ergo
1138 2075 1165 2140 si
1189 2075 1372 2140 inmortalis
1395 2073 1523 2140 Helena
1545 2097 1612 2141 non

327 2181 457 2266 fuisset,
488 2183 539 2246 tot
569 2182 638 2246 sine
668 2180 767 2245 dubio
800 2180 939 2245 saeculis
971 2180 1087 2246 duram
1120 2203 1187 2247 non
1219 2185 1340 2266 posset.
1385 2181 1470 2247 hanc
1500 2185 1611 2248 autem

327 2288 467 2374 legimus
485 2288 575 2372 prius
595 2311 615 2352 a
633 2286 759 2352 Theseo
778 2290 908 2372 raptam
927 2287 1012 2352 etin
1032 2285 1186 2372 Aegypto
1203 2289 1462 2354 commendatam
1480 2287 1611 2354 Proteo.

328 2395 396 2460 ticet
417 2395 484 2460 utin
504 2395 614 2476 subula
636 2415 658 2458 a
680 2393 797 2459 Punite
818 2399 944 2477 raptum
966 2399 1007 2478 ct,
1030 2415 1100 2459 nim
1122 2395 1166 2458 ud
1186 2395 1360 2480 Acppptum
1383 2417 1450 2460 auu
1472 2417 1507 2462 ea
1530 2397 1612 2480 isset,

327 2521 348 2564 a
371 2501 493 2585 Proteo,
522 2502 638 2584 capuita
667 2506 775 2586 raptu,
802 2501 990 2566 adtractum
1017 2499 1132 2566 Paridi
1160 2501 1251 2566 dicat.
1341 2518 1463 2567 sncms
1492 2519 1612 2567 1sv1sn

274 2619 310 2667 2ο
327 2606 535 2692 pulchritudo
555 2605 699 2672 Helenae
722 2607 848 2692 odiosa,
871 2607 904 2670 id
927 2611 978 2671 est
996 2606 1130 2672 Helena.
1167 2611 1200 2672 et
1223 2610 1274 2672 est
1293 2607 1468 2692 Graecum,
1489 2611 1527 2673 ut
1550 2606 1611 2674 ‘via

327 2712 510 2798 Herculea’,
532 2712 594 2778 hoc
617 2718 668 2778 est
686 2712 852 2778 Hercules.
889 2713 1020 2778 ostendit
1040 2718 1144 2778 auum
1165 2719 1297 2779 naturae
1319 2715 1442 2798 cuhtom
1464 2735 1527 2780 uon
1550 2735 1613 2780 aesc

327 2820 502 2886 minibus
519 2819 759 2884 medardum.
791 2820 893 2886 *saue
910 2821 1038 2902 quitiam
1056 2818 1181 2886 ‘incisu
1199 2821 1331 2904 fipurote
1349 2823 1465 2886 dutum
1476 2826 1611 2904 putiau

328 2928 476 2992 mount
497 2926 580 2990 enim
602 2926 645 2990 acl
668 2925 796 2990 Troiam
818 2926 972 2992 Helenam
999 2947 1062 2992 uon
1090 2928 1217 3012 amase,
1247 2928 1282 2992 id
1307 2934 1352 2993 ese
1376 2949 1441 2993 ewa
1466 2929 1566 2994 msam
1589 2949 1611 2991 a

401 3125 416 3172 1
435 3115 581 3188 Horatius]
601 3133 685 3172 carm.
700 3117 713 3170 I
729 3123 770 3187 12,
785 3119 843 3188 261
857 3119 886 3173 et
904 3119 947 3173 est
961 3119 1097 3174 Graecum
1117 3135 1139 3174 e.
1155 3138 1181 3188 q.
1198 3101 1241 3192 s.]'
1251 3119 1285 3174 ct.
1300 3120 1372 3175 Don.
1391 3119 1428 3175 ad
1447 3119 1508 3175 Ter.
1524 3121 1609 3177 Andr.

327 3191 448 3330 1113ἐέ
462 3191 472 3258 1
488 3195 520 3244 12
539 3187 677 3243 Helenam
694 3205 761 3244 vero
780 3231 787 3244 .
807 3230 814 3245 .
833 3233 840 3244 .
860 3190 1085 3246 commendatam
1103 3190 1218 3262 Proteo]
1238 3207 1325 3246 execr.
1344 3191 1484 3262 mythogr.
1503 3191 1529 3246 11
1549 3197 1609 3246 132.

401 3445 415 3494 1
435 3437 568 3493 Horatius
586 3453 636 3494 cru.
656 3438 690 3492 H
699 3441 709 3508 l
727 3437 828 3493 laedae
848 3437 908 3493 GH
911 3439 948 3493 M
959 3440 969 3509 1
987 3441 1104 3510 παῖδας]
1124 3439 1242 3508 praedas
1263 3438 1287 3494 G
1310 3457 1412 3494 ummo
1431 3439 1457 3493 L
1475 3441 1570 3510 (urnac
1589 3441 1610 3507 l)

328 3527 427 3565 ameno
446 3510 480 3563 Η
490 3512 500 3579 1
518 3516 534 3563 2
554 3509 638 3564 etiam
658 3527 709 3564 om.
729 3510 767 3563 Μ
770 3527 783 3564 e
796 3512 805 3578 1
819 3509 949 3580 refertur]
968 3509 1104 3564 referetur
1121 3509 1152 3564 Ε
1178 3511 1261 3565 etad
1279 3511 1402 3566 hominis
1421 3510 1609 3566 conditionem

329 3582 393 3638 odd.
408 3580 559 3636 Fabricius
573 3583 582 3650 11
601 3586 617 3634 4
633 3583 662 3635 et
679 3580 772 3635 adhuc
790 3596 876 3650 opera
894 3598 945 3635 sua
962 3598 1019 3636 non
1037 3581 1187 3636 advertmt
1206 3581 1368 3636 Moeoiciua.
1387 3583 1452 3648 sort.
1471 3583 1501 3636 et
1517 3581 1609 3636 adhuc

328 3669 377 3706 rna
396 3667 482 3722 opera
501 3651 674 3706 avertantur.
706 3653 740 3718 cs.
756 3651 886 3706 Donatus
909 3653 946 3706 ad
963 3652 988 3705 h.
1004 3653 1081 3722 11115
1100 3653 1138 3706 ad
1155 3669 1179 3706 o.
1195 3657 1247 3706 600
1261 3657 1285 3706 et
1300 3658 1350 3707 sol
1371 3651 1504 3707 Hauserit
1521 3652 1608 3723 ensis]

328 3725 378 3778 aut
395 3723 534 3792 percussit
554 3765 559 3776 .
580 3764 586 3776 .
607 3765 613 3776 .
632 3725 683 3777 ant
699 3722 850 3778 uoranerit.
883 3722 1063 3794 Tyndaridis]
1082 3723 1162 3792 atqui
1181 3725 1242 3794 (aut
1259 3723 1319 3792 qui)
1338 3763 1344 3776 .
1365 3764 1371 3777 .
1392 3767 1397 3778 .
1417 3721 1537 3793 partitus
1556 3727 1608 3778 est

327 3793 392 3848 ideo
406 3794 543 3848 Helenam
558 3793 706 3862 (aelenam)
722 3809 845 3848 sororem
859 3811 955 3848 eornm
970 3797 1081 3849 constat
1094 3809 1153 3849 esse
1167 3793 1354 3848 inmortalem.
1383 3793 1488 3865 lnuisa]
1504 3793 1607 3848 odiosa

327 3865 484 3936 Lacaenac]
504 3881 522 3918 a
535 3863 686 3947 prouincia
703 3864 843 3918 Lemnias
863 3907 868 3917 .
885 3908 914 3921 ..
934 3864 1009 3932 quod
1027 3881 1121 3918 rarum
1139 3865 1190 3918 cst.
1212 3864 1266 3933 Ρ1
1289 3871 1304 3920 7
1324 3883 1481 3918 minumae
1501 3863 1609 3932 Oiat-

328 3935 376 4004 qui
395 3953 428 3990 ac
445 3940 544 4004 autqur
564 3935 637 4006 0119
656 3951 722 3990 nam
741 3951 790 3988 our.
807 3933 831 3990 0
841 3935 851 4004 ΙΙ
867 3941 899 3990 10
918 3935 1030 4006 Castor]
1049 3934 1253 4004 clytemnestra
1270 3937 1300 3990 et
1317 3935 1417 3991 Castm
1431 3935 1582 3990 Fabricius
1599 3937 1609 4006 11

330 4013 362 4060 11
381 4005 585 4061 inmortalitate
609 4023 660 4061 sua
679 4006 707 4060 P
723 4008 733 4075 11
760 4012 790 4059 12
810 4005 932 4074 partitus
951 4006 1005 4076 est]
1029 4005 1150 4061 traditur
1169 4023 1288 4075 namque
1308 4006 1384 4075 qnod
1401 4005 1561 4076 permiserit
1579 4022 1608 4060 sc

328 4077 426 4148 pollux
444 4077 533 4132 occidi
553 4094 609 4145 qua
630 4080 711 4147 parte
729 4075 857 4132 mortalis
876 4079 937 4132 erat
955 4077 1058 4146 (fuerat
1074 4077 1113 4146 L)
1131 4079 1163 4130 ut
1186 4079 1278 4132 emtor
1300 4076 1532 4132 inmortalitatem
1551 4093 1609 4131 me·

329 4149 437 4203 teretur
458 4148 553 4216 sicque
575 4147 695 4202 redemit
713 4148 777 4202 odd.
795 4147 865 4202 LM
870 4148 901 4202 E
926 4147 1022 4202 omnia
1043 4147 1160 4203 nomina
1182 4149 1228 4202 nel
1251 4148 1402 4218 participia
1419 4148 1449 4202 in
1469 4165 1517 4204 ns.
1537 4145 1609 4202 desi·

328 4219 425 4274 nentia
447 4219 562 4273 nomina
587 4218 742 4273 ablatiuum
766 4220 796 4272 in
816 4235 847 4272 .e.
866 4217 1018 4288 participia
1035 4218 1064 4272 in
1083 4219 1109 4275 .i
1129 4219 1205 4274 etin
1224 4237 1255 4275 .e.
1275 4218 1398 4274 mittunt
1435 4219 1503 4274 licet
1522 4218 1609 4274 etiarn

329 4289 427 4344 eadem
447 4293 476 4344 et
492 4288 607 4344 nomina
624 4291 654 4344 et
671 4288 823 4359 participia
842 4289 899 4344 sint
916 4289 1061 4344 nominum
1079 4291 1173 4344 antem
1193 4306 1266 4360 quae
1284 4293 1313 4344 ct
1333 4289 1450 4360 propria
1466 4292 1495 4345 et
1513 4289 1608 4359 appel-

328 4361 419 4415 latiua
438 4377 498 4414 esse
521 4361 638 4430 possunt
660 4358 802 4415 ablaticus
820 4376 838 4414 a
855 4360 968 4442 proprio
992 4359 1022 4414 in
1041 4377 1072 4416 .e.
1092 4359 1157 4415 exit.
1195 4360 1231 4415 ab
1254 4361 1381 4416 ablatiuo
1404 4360 1432 4414 in
1452 4359 1478 4418 .i.
1500 4365 1609 4430 procur

328 4433 380 4486 iila
403 4431 467 4486 add.
488 4431 530 4486 M.
559 4431 594 4498 cs.
614 4431 652 4486 ad
669 4449 692 4486 a.
713 4437 766 4486 610
788 4433 798 4500 1
824 4429 910 4486 fuisse
929 4471 936 4484 .
957 4474 989 4487 ..
1014 4429 1156 4486 Thebanis
1180 4447 1229 4487 oin.
1251 4431 1284 4498 0,
1309 4433 1341 4486 iu
1364 4430 1503 4486 Fuldcuci
1523 4431 1609 4498 [πίσεα

329 4507 444 4558 testatur
463 4501 622 4572 Scioppius,
639 4503 695 4626 ppt
713 4501 847 4557 Thebano
865 4501 988 4557 Eteoclis
1008 4504 1038 4556 et
1055 4501 1198 4572 Polynicis
1216 4503 1292 4558 bello
1312 4519 1365 4572 pro
1384 4520 1447 4557 cum
1467 4500 1608 4556 Thebanis

329 4573 404 4629 bello
423 4575 549 4628 eminuit.
563 4574 573 4641 l
589 4579 621 4627 16
670 4573 725 4628 isse
744 4571 778 4626 Η
787 4575 797 4642 1
831 4574 950 4628 otnisset
968 4574 1158 4644 mpthopraplii
1171 4575 1181 4643 1
1195 4574 1268 4629 hunc
1283 4573 1307 4627 0
1316 4575 1326 4642 l
1342 4579 1373 4628 17
1393 4572 1484 4644 prius]
1503 4572 1609 4644 primus

330 4645 368 4698 M
394 4645 483 4714 primo
502 4662 547 4699 me
565 4649 590 4700 ct
609 4644 756 4713 Scioppius
774 4660 788 4698 c
805 4591 966 4714 i'iddeuail
984 4648 1095 4714 ruptam
1115 4645 1160 4714 01
1178 4644 1403 4700 commendatum
1423 4643 1472 4714 01
1489 4644 1608 4714 protheo

328 4715 394 4770 LII
399 4717 435 4770 M
455 4718 465 4786 1
489 4715 993 4784 181icstaoueuotavitScioppiua.
1015 4717 1025 4784 1
1048 4717 1161 4840 rpptnm
1180 4715 1204 4771 G
1221 4718 1231 4786 1
1253 4715 1317 4786 aegi
1337 4717 1398 4771 tum
1418 4715 1442 4769 0
1459 4715 1470 4784 1
1494 4720 1525 4769 19
1545 4714 1609 4768 sub·

328 4787 452 4842 tractum
475 4787 524 4856 01
546 4785 615 4841 dicit
637 4785 785 4856 Scioppius
807 4788 957 4856 mtaaitll
983 4792 1017 4842 20
1039 4804 1058 4856 p
1090 4785 1199 4842 odardo
1222 4787 1248 4840 J.
1270 4789 1280 4858 1
1334 4785 1426 4858 elena]
1450 4783 1612 4841 helenaet'

328 4857 430 4912 helena
448 4874 480 4912 aa
497 4857 597 4912 helene
615 4857 665 4926 Ll
686 4862 719 4910 22
739 4872 806 4912 sane
824 4857 940 4926 quidam
958 4898 965 4913 .
985 4900 992 4912 .
1013 4900 1019 4913 .
1039 4857 1456 4929 aem01]cs.adu.crit.ada
1476 4861 1528 4912 622
