3604 5552
350 461 412 523 110
922 431 1043 515 saeva

343 625 441 690 sativo
467 623 572 705 serait,
602 622 656 686 nbi
679 643 746 688 cero
779 622 846 688 ‘de'
873 625 1040 708 siginificat,
1064 624 1205 690 athaliae.
1300 643 1406 691 naurs
1429 643 1535 692 roms
1557 649 1629 692 non

346 735 475 795 centum
501 729 609 813 nodis,
637 730 693 794 sed
721 730 857 814 catenis,
885 753 965 815 quas
997 731 1280 797 circumlocutione
1311 733 1520 817 significavit,
1548 737 1629 818 quia

345 841 421 902 sunt
448 840 580 901 catenae
607 835 684 902 nodi
711 836 830 921 plures.
879 839 1006 919 qnidam
1035 836 1168 904 ‘aeneis'
1195 860 1256 922 pro
1281 840 1390 919 terrers
1418 841 1558 924 trudant,
1589 847 1629 906 nt

343 945 455 1009 micat
476 964 605 1009 aereas
627 945 742 1010 ensis:
765 949 794 1008 ct
815 965 924 1009 aerea
946 967 1048 1026 qncm
1071 947 1257 1028 obliquam
1279 951 1363 1011 rota
1385 948 1534 1012 transit.
1630 1017 1633 1022 ,

308 1005 386 1119 ah<
433 1051 507 1116 297.
543 1068 589 1114 ar
613 1069 701 1115 narn
724 1068 880 1116 clamavit
898 1049 1102 1118 Mercurium.
1140 1056 1174 1116 et
1197 1055 1248 1116 est
1265 1053 1474 1136 periphrasis.
1511 1052 1624 1119 Cicero

342 1156 377 1220 in
399 1157 492 1222 libris
516 1158 556 1222 de
579 1157 712 1222 deorum
735 1161 853 1222 natura
875 1159 986 1241 plures
1009 1158 1088 1223 dicit
1112 1181 1182 1223 csse
1198 1156 1389 1224 Mercurios:
1414 1160 1470 1225 sed
1493 1161 1527 1225 iu
1550 1161 1624 1226 deo·

343 1286 414 1328 rum
437 1264 565 1330 ratione
586 1264 716 1329 fabulae
736 1264 917 1349 sequendae
941 1268 1034 1350 sunt,
1055 1286 1130 1328 uam
1155 1265 1275 1330 veritas
1299 1265 1479 1348 ignoratur.
1525 1267 1625 1332 simul

343 1371 456 1436 allusit
478 1376 590 1455 poeta,
613 1371 690 1455 quia
711 1393 770 1456 per
793 1372 1036 1456 caduceatores,
1064 1371 1096 1436 id
1124 1377 1174 1436 est
1197 1371 1429 1457 internuntios,
1451 1396 1516 1458 pax
1540 1375 1626 1439 solet

342 1477 422 1541 fieri.
512 1504 586 1543 aare
607 1503 742 1544 canrrra
762 1503 904 1544 aaarrrrr
921 1503 960 1543 aa
982 1480 1068 1558 arro]
1092 1479 1173 1560 arcad
1193 1478 1246 1542 deo
1270 1497 1345 1558 opus
1368 1484 1447 1558 erat,
1469 1485 1506 1544 at
1526 1481 1625 1546 hostes

291 1597 324 1645 10
342 1585 440 1650 Poeni
476 1587 595 1650 caecari
630 1585 768 1650 Romani
802 1587 939 1650 nominis
967 1586 1169 1667 pacarentur
1202 1584 1332 1648 Aeneae.
1387 1587 1514 1667 qnidam
1549 1607 1625 1652 acne

229 1737 233 1744 -
342 1697 487 1774 quatuor
508 1693 682 1758 Mercurios
703 1693 824 1757 dicant:
847 1712 945 1756 naam
962 1691 1049 1756 Iocis
1070 1696 1098 1755 ci
1116 1691 1226 1756 Maiae
1247 1691 1363 1777 filiam,
1385 1691 1518 1757 alteram
1537 1693 1625 1760 Caeli

342 1805 371 1863 et
392 1799 481 1878 Dici,
508 1801 632 1864 mam
654 1799 759 1864 Isiheri
786 1803 815 1863 et
837 1797 1055 1880 Proserpinae,
1081 1803 1228 1881 quartem
1255 1797 1341 1862 [aare
1367 1803 1396 1863 et
1422 1797 1573 1882 Gyllenes,
1600 1823 1624 1865 a

341 1927 400 1988 qno
423 1906 531 1990 Arcas
552 1907 666 1971 aciens
687 1911 738 1990 est,
761 1927 850 1988 qrecnr
872 1907 974 1987 ipsam
996 1907 1031 1971 ob
1053 1905 1133 1970 hanc
1156 1925 1282 1971 cansam
1296 1898 1431 1970 &acaia
1448 1909 1622 1991 profanum

342 2012 503 2096 Aeppptiis
526 2012 644 2076 litteras
665 2012 886 2078 amoenae
903 2011 1070 2094 pertrahent.

290 2129 321 2178 15
431 2119 504 2184 298.
541 2137 587 2182 vr
612 2137 748 2184 racana
772 2123 906 2203 propter
932 2119 1014 2184 illud
1043 2119 1129 2204 quod
1157 2121 1303 2205 sequitur
1329 2120 1506 2205 hospitio
1534 2146 1622 2206 pro-

341 2225 517 2290 hibemur
543 2225 720 2290 harenae.
815 2244 975 2290 Peranna
1003 2228 1138 2309 propior
1165 2226 1247 2291 illud
1277 2230 1436 2291 cunctus
1466 2229 1512 2293 ob
1543 2228 1624 2294 Ita·

341 2331 433 2397 liam
453 2336 648 2398 terrarum
667 2333 864 2398 clauditur
882 2333 997 2397 orbis.
1030 2332 1120 2397 *nan
1139 2333 1221 2398 nulli
1238 2353 1312 2398 sane
1328 2332 1625 2418 ‘pateant'pacatae

339 2441 403 2504 sint
424 2440 591 2520 ammana
613 2444 650 2504 nt
671 2438 841 2504 Sallustius
863 2440 977 2504 simui
999 2441 1175 2504 immanis
1200 2439 1389 2505 hominnm
1415 2443 1471 2506 cis
1493 2443 1623 2507 maliis

339 2566 355 2609 a
377 2546 468 2610 iocis
490 2545 660 2610 invasere
676 2551 848 2628 palantes
871 2551 946 2610 tarn
969 2551 1002 2610 et
1017 2547 1128 2629 pacis
1150 2548 1253 2611 mado
1275 2547 1439 2628 effasas;
1468 2548 1518 2612 hic
1539 2551 1622 2613 enirn

286 2663 321 2710 2ο
339 2651 462 2717 habitas
478 2653 576 2734 paca.
621 2658 650 2717 et
677 2654 712 2718 in
740 2651 878 2718 Catilina
907 2658 1037 2718 anneta
1066 2655 1189 2717 maria
1219 2658 1410 2736 tarracone
1433 2656 1623 2738 patebant.

339 2760 383 2823 sic
404 2761 487 2823 anim
509 2765 616 2823 contra
638 2781 707 2824 earn
730 2761 843 2825 dicitu
866 2759 989 2825 ‘clausa
1006 2759 1129 2824 omnia'
1152 2761 1263 2825 bellurn
1281 2762 1484 2844 sn'anificutnn
1501 2767 1537 2826 nt
1558 2763 1622 2844 ipoe

339 2886 431 2946 qaae
451 2867 596 2930 moenia
618 2867 758 2930 clausis
777 2866 922 2947 serram
944 2873 1083 2931 aeriani
1098 2865 1267 2949 partis*

429 2972 504 3036 299.
543 2988 707 3038 sosarmo
739 2972 780 3036 ad
808 2971 997 3056 hospitium.
1088 2991 1134 3038 nn
1166 2991 1248 3038 sarr
1278 2991 1406 3039 ansam
1435 2992 1524 3039 arno
1555 2997 1620 3040 non

340 3079 404 3142 sui:
432 3099 508 3142 nam
537 3079 565 3143 si
593 3079 691 3166 sciret
719 3079 841 3144 exitum
869 3102 976 3163 suum,
1004 3081 1108 3145 multo
1136 3080 1242 3164 magis
1270 3084 1407 3147 vetaret:
1442 3081 1497 3146 sed
1526 3080 1620 3147 ‘fati’

287 3195 320 3243 ac
341 3184 422 3249 dixit
445 3184 625 3250 voluntatis
643 3185 745 3270 Iovis,
768 3187 852 3252 sicut
874 3186 970 3251 fatis
994 3175 1155 3252 lunonis
1177 3188 1343 3271 iniquae.
1371 3192 1429 3253 aut
1451 3192 1537 3252 certe
1560 3189 1620 3254 fati

340 3292 564 3376 Troianorum,
587 3293 643 3377 qui
666 3315 732 3358 non
755 3297 888 3377 sponte,
913 3292 969 3357 sed
992 3295 1187 3359 necessitate
1215 3294 1255 3359 ad
1278 3294 1425 3360 Africam
1454 3299 1619 3379 venerant,

339 3398 423 3482 quod
446 3399 560 3484 utiquc
577 3399 754 3483 ignorabat
774 3399 869 3464 Dido.
901 3398 960 3462 illo
980 3399 1066 3464 enim
1085 3404 1230 3483 tempore
1250 3400 1500 3466 invadendarum
1520 3404 1622 3466 terra-

338 3527 410 3570 rum
434 3527 532 3570 causa
554 3505 661 3570 fuerat
683 3506 864 3589 navigatio,
889 3508 924 3569 ut
949 3503 1124 3571 Sallustius
1148 3507 1310 3590 meminit,
1338 3505 1427 3571 facili
1454 3511 1524 3572 tum
1553 3531 1620 3572 mu·

338 3613 461 3676 tatione
486 3612 610 3678 sedum:
637 3612 723 3697 quod
753 3613 850 3677 ctiam
875 3617 1030 3677 excusant
1053 3612 1184 3677 Troiani
1214 3635 1291 3678 non
1320 3634 1389 3678 nos
1420 3617 1486 3679 aut
1515 3614 1618 3679 ferro

408 3804 542 3876 tmioat]
562 3808 594 3860 A.
614 3805 666 3860 VII
685 3811 735 3860 743
759 3807 769 3874 ΙΙ
790 3804 886 3886 aerea]
905 3805 937 3858 A.
957 3805 983 3858 V
1001 3809 1054 3858 274
1076 3807 1086 3874 ΙΙ
1108 3811 1124 3859 5
1150 3803 1245 3860 Cicero
1271 3805 1301 3860 in
1324 3805 1404 3860 libris
1422 3805 1448 3860 d.
1469 3805 1495 3861 d.
1515 3806 1555 3889 a]
1580 3806 1618 3860 III

337 3882 381 3944 22,
400 3882 434 3930 ot
457 3879 467 3946 ΙΙ
489 3883 505 3931 6
529 3877 578 3931 scd
600 3877 629 3931 in
652 3876 767 3930 deorum
857 3875 1013 3946 ignoratur]
1038 3891 1126 3930 exscr.
1151 3876 1389 3947 mythogr.1141
1413 3879 1423 3945 ΙΙ
1448 3883 1481 3931 10
1506 3877 1618 3959 quidam

337 3964 488 4072 {light
503 3948 536 4072 ll]
556 3946 879 4074 cassanen
896 3946 1044 4087 tihi}
1062 3946 1618 4100 93792197·,1111091911

338 4095 389 4143 540
411 4091 422 4170 υ
445 4095 478 4142 16
497 4089 625 4158 cunctas]
645 4091 677 4142 A.
699 4090 709 4142 Ι
728 4094 780 4142 233
803 4090 813 4158 ΙΙ
836 4095 869 4143 18
890 4087 1052 4159 Sallustius]
1072 4089 1137 4143 hist.
1156 4087 1256 4159 fragm.
1271 4089 1315 4143 ·lll
1335 4095 1368 4143 72
1394 4090 1481 4145 Kritz.
1504 4092 1514 4158 ΙΙ
1537 4097 1571 4145 20
1589 4091 1618 4144 in

337 4159 469 4230 Catilina]
490 4165 524 4213 10
537 4162 547 4228 ΙΙ
561 4166 594 4214 22
613 4161 697 4230 quae]
717 4161 748 4212 A.
763 4159 829 4212 VIII
843 4165 895 4214 ast
908 4161 919 4229 l
932 4165 967 4214 25
980 4159 1058 4230 fatis]
1074 4163 1107 4213 A.
1123 4160 1187 4214 VIII
1203 4166 1254 4215 292
1268 4163 1278 4229 ΙΙ
1292 4166 1326 4214 29
1341 4178 1397 4216 non
1410 4162 1474 4232 nos]
1491 4163 1523 4215 A.
1538 4162 1552 4214 I
1566 4165 1617 4215 527

407 4344 424 4392 2
444 4336 584 4408 significat
600 4338 628 4391 B
646 4336 771 4408 signauit
788 4336 838 4404 LI
856 4335 923 4405 quia
936 4336 1024 4392 BC*:
1044 4354 1116 4406 quac
1135 4337 1197 4392 KL
1205 4337 1271 4392 PH
1274 4339 1311 4392 M
1330 4339 1340 4407 l
1363 4345 1380 4391 4
1398 4337 1486 4394 micat
1502 4355 1552 4394 am.
1569 4339 1597 4392 P
1609 4337 1619 4408 ll

337 4409 439 4464 transit
457 4409 495 4462 P:
512 4407 625 4464 transiit
645 4407 687 4462 O*
706 4409 741 4475 cf.
760 4407 903 4462 aaronica
921 4409 1044 4463 adnotat.
1063 4411 1101 4464 aci
1119 4411 1189 4465 Aen,
1203 4409 1230 4462 V
1248 4412 1354 4478 2741Ιὸ
1374 4411 1412 4464 aa
1429 4427 1452 4463 a.
1469 4415 1520 4463 297
1539 4409 1617 4464 Haec

337 4481 377 4536 ait
395 4483 425 4536 et
442 4479 518 4535 Maia
536 4479 674 4551 genitum]
698 4479 874 4534 MarcurIum.
894 4479 922 4532 P
940 4481 950 4548 ΙΙ
974 4485 1006 4534 11
1030 4479 1107 4534 Caeli
1126 4481 1206 4534 ant.
1226 4480 1305 4536 Plac.
1324 4486 1349 4534 et
1366 4481 1512 4552 amthoar:
1538 4478 1617 4536 Coeti

338 4550 362 4606 0
380 4553 390 4620 ΙΙ
410 4558 441 4605 12
461 4551 535 4606 lovis
554 4554 583 4606 et
601 4549 730 4622 Cyllenea
748 4551 827 4605 Luat.
847 4551 924 4606 Plac.
943 4555 968 4605 ct
985 4552 1130 4622 scylleam:
1149 4550 1272 4620 Cyllenio
1291 4551 1339 4620 (Ill
1360 4556 1391 4606 lt
1411 4553 1543 4620 sequetur
1561 4551 1593 4604 K
1608 4551 1617 4622 ll

338 4629 371 4678 17
391 4639 447 4678 non
465 4622 536 4676 nulli
555 4639 622 4677 sane
641 4665 647 4677 .
664 4666 669 4678 .
686 4665 691 4676 .
712 4621 801 4692 portis
815 4627 879 4692 post
896 4620 1051 4690 hospitium
1069 4624 1132 4680 hab.
1148 4622 1172 4676 C
1182 4624 1192 4690 l
1207 4629 1239 4676 19
1255 4621 1357 4677 effusas
1370 4622 1447 4677 urbis
1461 4623 1590 4677 Kriteius
1607 4625 1616 4692 ΙΙ

337 4701 370 4748 29
390 4695 427 4748 ad
445 4711 468 4748 c.
488 4699 540 4749 299
559 4693 602 4749 Ne
624 4692 678 4749 fati
699 4693 795 4748 nescia
812 4693 897 4764 Dido]
922 4709 978 4747 non
1001 4693 1044 4747 sni
1067 4736 1118 4750 ...
1144 4694 1218 4763 qnod
1242 4693 1338 4764 ntique
1361 4693 1513 4764 ignorabat
1534 4692 1615 4747 Dido.

338 4765 366 4818 P
381 4768 391 4834 ΙΙ
414 4771 448 4818 24
466 4764 570 4819 ritaret
589 4765 744 4820 Massicina
762 4781 872 4834 eunicae
889 4766 975 4819 sccati
991 4765 1176 4820 Burmannus
1193 4769 1218 4819 et
1236 4764 1311 4819 Lien
1324 4766 1334 4834 ΙΙ
1347 4770 1381 4818 25
1401 4763 1474 4820 Iovis
1495 4805 1545 4820 ...
1565 4763 1616 4818 ini·

335 4852 408 4904 quae
426 4853 477 4891 om.
494 4837 523 4890 B
544 4838 555 4908 ΙΙ
577 4841 611 4890 26
631 4837 768 4890 uenerunt
781 4836 840 4889 BL
862 4837 872 4904 t
894 4841 928 4889 28
947 4839 979 4891 at
998 4836 1148 4892 Sallustius
1167 4835 1295 4891 meminit
1314 4877 1320 4891 .
1336 4877 1364 4890 ..
1385 4836 1481 4892 sedum
1500 4852 1551 4892 om.
1565 4834 1592 4889 B
1606 4837 1615 4906 {l

336 4913 370 4961 29
390 4907 486 4962 sedum
506 4907 537 4960 Κ
541 4907 586 4960 H:
604 4905 710 4960 aedium
731 4905 796 4960 LH
