3604 5552
558 457 671 513 COMM.
691 457 731 510 ιιι
750 457 857 513 vaae.
878 459 961 514 aaa.
982 459 1002 512 1.
1021 465 1171 514 ιιι-ιιι.
1447 460 1510 525 103

314 621 387 686 275.
425 639 509 685 runs
537 627 619 706 post,
651 622 697 686 eet
725 621 852 700 deinde,
881 623 928 686 eet
955 627 1039 705 urae,
1070 623 1248 688 adverbium
1271 625 1328 688 lect
1349 643 1408 706 pra
1436 629 1509 688 tern-

217 730 314 812 ports.
404 745 521 794 rvuvo
551 747 709 794 rucuma
742 729 775 794 id
808 732 859 794 est
884 729 970 814 pelle
998 730 1108 814 lupae,
1140 753 1204 816 qua
1236 731 1390 795 utebatur
1418 751 1508 794 more

223 839 401 918 pastorum.
449 835 505 900 sed
528 834 591 899 hoe
614 837 708 900 multi
731 835 985 920 reprehendunt,
1013 857 1070 901 cur
1096 837 1232 902 nutricis
1260 837 1406 921 tegmine
1428 859 1507 902 usus

224 941 276 1006 sit.
314 942 370 1028 qui
385 942 516 1026 gemina
531 942 656 1006 ratione
670 942 869 1008 refutantur:
888 943 938 1007 vel
958 942 1104 1008 falsitate
1123 943 1269 1026 fabulae,
1287 943 1338 1008 vel
1359 944 1506 1026 exemplo

222 1047 320 1126 Ievis,
344 1049 400 1134 qui
423 1070 538 1133 caprae
560 1049 697 1114 nutricis
721 1049 826 1114 utitur
847 1049 942 1134 pelle,
964 1051 1045 1114 ιιιιᾱι
1064 1048 1180 1115 Graece
1201 1051 1351 1134 αἰγίοχος
1372 1051 1542 1133 sepellre-5

224 1160 283 1219 ter.
330 1175 405 1220 saue
428 1155 588 1239 ‘tepmiac'
615 1156 707 1222 malti
734 1157 859 1238 cauare
885 1157 1000 1220 dicum
1027 1161 1183 1236 asceam,
1210 1159 1286 1239 qreia
1313 1159 1507 1240 ammentum

221 1261 283 1326 dici
309 1261 412 1327 debere
438 1263 611 1345 affirmaret.
701 1287 815 1328 arares
840 1263 951 1327 aare
980 1262 1094 1346 elaea,
1121 1264 1167 1328 eet
1193 1265 1268 1344 pria
1295 1285 1352 1328 aee
1378 1285 1507 1348 reperere

220 1369 407 1453 reddiderat,
429 1369 476 1434 eet
497 1369 573 1451 qaia
596 1371 660 1452 ipse
682 1387 794 1432 necem
816 1369 923 1433 arbem
945 1373 974 1433 et
994 1389 1107 1433 aarum
1129 1370 1274 1434 mdabat
1296 1372 1470 1453 imperium.

311 1477 385 1541 276.
422 1493 588 1541 nxcrrlnr
617 1493 760 1540 anurnio
788 1475 889 1540 Remo
920 1476 1044 1541 scilicet
1073 1477 1283 1560 interempto,
1310 1481 1387 1561 post
1414 1479 1504 1544 euius

221 1587 360 1648 mortem
383 1588 494 1648 natam
519 1587 647 1648 constat
670 1583 904 1667 pestilentiam:
928 1583 1012 1647 unde
1031 1582 1182 1648 consulta
1200 1583 1332 1648 oracula
1354 1584 1504 1652 dixerunt
1524 1601 1557 1650 ιο

221 1691 397 1775 placandos
426 1713 496 1756 esse
520 1713 632 1756 manes
659 1689 772 1756 fratris
802 1691 949 1776 extinctu
978 1691 1019 1756 ob
1048 1711 1146 1775 quarn
1174 1712 1242 1755 rem
1271 1690 1354 1755 sella
1381 1693 1503 1758 curulis

222 1820 294 1862 cum
327 1802 454 1883 sceptro
487 1802 520 1862 et
552 1819 671 1863 corona
704 1802 737 1862 et
769 1799 884 1863 ceteris
917 1797 1009 1882 regni
1039 1797 1224 1882 insignibus
1255 1819 1381 1881 semper
1413 1799 1504 1863 iuxta

220 1907 418 1972 sancientem
442 1905 566 1991 aliquid
590 1904 766 1970 Romulum
792 1905 989 1988 ponebatur,
1017 1908 1054 1968 nt
1082 1904 1204 1987 pariter
1233 1904 1393 1987 imperare
1416 1905 1502 1970 vide·

223 2017 343 2078 rentur.
388 2013 473 2078 unde
496 2017 546 2078 est
568 2013 683 2078 Remo
707 2012 936 2077 cumfratre
960 2011 1144 2087 Quirinus
1167 2009 1254 2074 iura
1277 2010 1430 2076 dabunt.

304 2120 378 2184 277.
415 2137 652 2197 nounnosevn
677 2136 743 2186 svo
767 2137 813 2184 uu
841 2136 978 2183 nourun
1007 2135 1114 2182 chnT
1142 2117 1246 2201 perita
1276 2139 1342 2182 non
1366 2119 1413 2182 sit
1437 2118 1552 2184 Ito-15

216 2247 317 2311 mam,
339 2226 395 2291 sed
418 2226 594 2291 Romanor.
639 2226 730 2290 urbis
760 2225 846 2289 enim
874 2225 962 2290 illins
986 2246 1098 2288 verum
1126 2245 1245 2287 nomen
1273 2244 1368 2288 nemo
1392 2224 1442 2290 vel
1467 2225 1501 2289 in

216 2333 315 2398 sacris
339 2334 498 2424 enuntiat.
543 2332 680 2416 denique
710 2331 861 2396 tribunus
890 2330 997 2415 plebei
1026 2330 1156 2414 quidam
1186 2330 1328 2396 Valerius
1350 2329 1501 2416 Serenae,

214 2445 251 2505 nt
276 2441 323 2505 ait
344 2439 450 2504 Varro
477 2441 623 2504 etmulti
650 2440 722 2518 atii,
745 2439 807 2504 hoc
829 2461 948 2504 nomen
976 2459 1075 2502 ausus
1100 2437 1281 2521 enuntiare,
1309 2442 1345 2500 at
1371 2439 1500 2520 quedem

215 2548 323 2612 ceant
344 2552 452 2629 raptus
475 2569 496 2610 a
513 2551 622 2612 senate
640 2547 721 2611 etin
740 2568 866 2612 crucem
886 2547 1013 2610 levatus
1033 2548 1097 2628 est,
1115 2550 1152 2608 at
1166 2544 1236 2622 alii,
1256 2549 1338 2607 mete
1355 2545 1500 2628 supplicii

211 2654 296 2738 feeit
316 2659 345 2719 ct
372 2655 408 2718 in
429 2653 542 2719 Sicilia
570 2653 801 2736 conpressus
829 2674 851 2716 a
874 2657 1017 2734 praetore
1040 2655 1201 2734 eccepto
1230 2655 1355 2716 senates
1384 2653 1499 2717 acciae
1517 2665 1551 2712 so

213 2766 264 2826 cst.
292 2761 353 2826 hoc
376 2765 486 2826 autem
510 2760 600 2825 urbis
623 2782 741 2825 nomen
765 2783 805 2824 ne
828 2759 980 2845 Hyginus
1004 2757 1133 2842 quidem
1157 2779 1230 2823 cum
1254 2757 1293 2822 de
1318 2759 1362 2824 sit
1347 2763 1384 2824 tu
1407 2759 1497 2823 urbis

214 2867 401 2952 loqueretur
424 2868 593 2952 expressit.

303 2973 376 3040 278.
410 2991 478 3040 unc
500 2992 617 3039 uncus
641 2938 760 3038 auavu
785 2991 854 3039 unc
877 2991 1043 3039 raucone
1063 2990 1158 3038 rouo
1177 2972 1298 3038 metas
1304 2971 1373 3037 'ad
1393 2977 1497 3037 terras

214 3081 357 3165 rettulit,
330 3080 560 3166 ttempora'
585 3081 626 3145 ad
649 3102 766 3164 annos;
795 3078 930 3144 Lavinio
955 3080 1041 3144 enim
1065 3083 1098 3143 et
1122 3079 1227 3143 Albae
1249 3080 1347 3143 finem
1371 3081 1496 3168 statuit,

214 3133 372 3254 Romanis
391 3189 509 3253 tribuit
528 3189 765 3270 aeternitatem,
783 3188 858 3268 quia
875 3186 1036 3251 arbiemeit
1055 3184 1230 3268 ‘imperium
1248 3187 1315 3251 aee
1331 3187 1393 3268 fiee
1406 3185 1495 3252 dedi'.
1514 3201 1549 3249 aa

302 3295 376 3360 279.
414 3295 717 3380 QV1nquinetiau13
748 3294 855 3358 minus
884 3294 969 3358 enim
998 3298 1049 3357 est
1072 3291 1213 3359 ‘etiam'.
1259 3316 1335 3358 narn
1362 3294 1495 3378 plenum

212 3406 263 3467 est
286 3402 479 3488 quinetiam,
502 3406 539 3467 ut
567 3401 780 3486 quinetiam
807 3400 972 3464 hiberno
996 3399 1148 3464 moliri·
1173 3400 1298 3464 sidere
1322 3401 1494 3466 classem.

300 3527 437 3574 Aspuna
460 3526 544 3574 lvno
568 3507 773 3573 tolerabilius
791 3507 854 3572 hoc
872 3507 1018 3590 luppiter
1038 3505 1125 3571 dicit.
1215 3533 1324 3574 cerrus
1347 3510 1430 3587 rrae]
1450 3509 1495 3573 vel

210 3636 305 3698 quum
328 3620 361 3680 tec
383 3635 526 3698 αιιιιναιι
548 3616 637 3694 dicis,
659 3615 705 3679 eet
727 3619 803 3679 certe
824 3619 861 3678 et
882 3619 911 3678 et
931 3634 983 3696 epo
1004 3614 1113 3695 fateor.

283 3850 318 3900 14
336 3845 437 3916 Remo]
457 3843 887 3948 A.1292{lqniniaetm]A.
907 3843 945 3895 IV
965 3849 1016 3898 309
1116 3891 1118 3896 .

283 4061 395 4114 lude.
416 4058 897 4198 2751]nde]bpost..pastorum
935 4057 1049 4128 Laetus]
1074 4058 1178 4112 uirtute
1196 4057 1297 4112 alacer.
1319 4057 1374 4126 Ρ1
1397 4063 1412 4110 2
1432 4059 1489 4112 ute

210 4131 356 4185 banturL
384 4130 490 4202 alebat]
487 4132 547 4202 stur
617 4133 627 4198 11
650 4136 665 4184 3
690 4147 727 4183 nu
728 4128 805 4184 tricis
829 4145 896 4184 snae
919 4128 1085 4183 Amaltheae
1109 4129 1139 4182 D
1160 4131 1170 4198 1
1194 4133 1209 4182 5
1232 4126 1357 4198 αἰγίοχος
1379 4129 1491 4197 scripsi:

210 4199 242 4254 ut
241 4195 338 4284 yeute'c
363 4201 415 4270 011
438 4207 453 4255 9
469 4133 515 4256 ad
537 4218 561 4255 v.
586 4206 637 4256 276
660 4199 790 4270 Excipiet
813 4202 937 4282 gentem]
962 4199 1081 4254 Romulo
1105 4201 1165 4268 (sic)
1190 4199 1299 4254 scilicet
1321 4199 1490 4283 interempto

257 4273 344 4328 iura
362 4271 476 4327 dabunt.
514 4273 583 4327 bene
603 4272 755 4327 Romulum
775 4271 865 4325 solnm
888 4269 929 4326 ait
952 4271 1130 4326 dissimulans
1149 4270 1341 4340 (decimulans)
1361 4270 1395 4324 de
1415 4271 1488 4340 pari-

210 4313 291 4399 sidio
311 4344 339 4397 P
358 4347 367 4413 1
391 4349 422 4398 11
448 4343 556 4397 currilia
574 4344 602 4397 B
626 4343 744 4397 currulis
764 4341 789 4395 L
813 4342 927 4410 (eurulis
946 4344 965 4410 t)
987 4345 997 4410 1
1023 4348 1054 4396 13
1078 4341 1215 4396 ramulum
1239 4341 1414 4410 ponebantur
1434 4343 1466 4396 H
1481 4343 1490 4383 ¹¹

210 4420 244 4468 18
262 4415 329 4484 qnia
347 4415 401 4470 hoc
420 4431 521 4470 nomen
540 4432 623 4470 ausus
642 4417 686 4468 ast
704 4412 849 4468 enuntiare
868 4412 956 4482 0121
979 4413 1138 4468 tacentem
1154 4412 1231 4467 urbis
1245 4413 1396 4468 nomenti:
1414 4392 1490 4482 quot

207 4487 314 4556 reliqui.
353 4488 425 4540 illud
443 4487 531 4554 recepi
548 4501 605 4540 neri
623 4487 696 4556 qaod
713 4485 849 4554 ictae-ries
866 4490 944 4550 meet,
962 4486 1008 4538 sert
1026 4501 1059 4538 ae
1079 4485 1156 4538 lectio
1180 4485 1357 4552 impediretur
1379 4485 1389 4552 1
1413 4485 1488 4554 hyci-

209 4575 259 4610 nns
277 4558 305 4611 B
325 4557 443 4627 baginus
462 4557 488 4610 L
507 4556 619 4627 higinus
640 4557 676 4610 M
681 4558 691 4610 l
712 4559 722 4626 11
744 4554 872 4625 quidem]
891 4573 1001 4624 quoqne
1021 4554 1044 4608 G
1064 4557 1074 4623 1
1096 4561 1130 4608 23
1150 4557 1229 4609 ade
1249 4554 1488 4610 assummum

209 4645 301 4683 rerum
321 4645 373 4683 neo
391 4631 519 4698 tempora
537 4629 623 4710 pono]
643 4629 781 4681 metas..
797 4643 919 4680 ..ιιιιιοι
939 4626 967 4678 Ρ
985 4629 994 4695 1
1014 4632 1049 4679 24
1067 4627 1097 4679 et
1115 4627 1203 4681 Albae
1223 4625 1317 4696 finem]
1337 4623 1488 4680 triennium

208 4699 297 4754 Albae
325 4703 466 4756 trecentos
490 4699 542 4769 01
566 4693 828 4766 incautelae
856 4696 956 4752 tribuit
976 4714 1025 4751 em.
1051 4697 1077 4750 L
1083 4697 1116 4750 H
1134 4699 1144 4766 1
1168 4703 1202 4752 28
1230 4715 1331 4750 reruni
1354 4715 1417 4750 rvuo
1442 4699 1487 4751 vel

209 4787 293 4839 quam
311 4773 343 4826 tn
361 4787 488 4854 asperam
507 4769 578 4824 dicis
597 4770 643 4824 vel
661 4773 736 4824 certe
755 4772 788 4852 ut
805 4770 835 4823 st
854 4785 906 4838 ago
925 4768 1016 4851 fateor
1034 4770 1063 4823 et
1081 4767 1302 4823 tolerabilius..
1319 4767 1416 4822 ,dicit
1440 4767 1481 4820 C
1479 4768 1486 4836 1

208 4841 290 4913 dicit]
309 4845 342 4896 ut
360 4842 554 4897 criminaretur
571 4857 699 4909 morem·
719 4839 785 4909 quis
798 4839 900 4895 marito
919 4839 1010 4911 magis
1029 4840 1159 4910 congruit
1172 4857 1256 4908 quam
1276 4809 1325 4894 alil
1344 4841 1407 4896 add
1428 4840 1487 4893 liu

207 4929 303 4984 mere„
321 4931 347 4968 m
365 4929 441 4984 supr.
460 4929 527 4968 ecre.
