3638 5546
586 447 698 527 sonu.
718 448 755 502 ru
777 409 883 504 vena.
902 448 985 504 nnn.
1006 449 1051 502 iu.
1071 453 1183 502 sr-as.
1456 445 1520 510 351

244 635 326 693 sono,
348 615 392 678 ad
412 613 493 694 quad
508 612 644 694 pertinet
663 612 692 676 si
715 611 807 676 arbor
828 617 932 694 sponte
954 603 1104 676 radicitus
1126 611 1225 694 cadat,
1247 612 1377 675 sitema
1396 614 1521 674 umal:

244 722 326 803 quod
346 720 395 784 bie
417 720 539 784 Aeneae
559 719 679 798 factunm
701 719 843 800 ostendit,
873 722 1039 799 antequam
1066 737 1134 782 uoce
1160 717 1267 782 dimna
1289 736 1434 798 responsa
1450 735 1523 798 per·

244 828 361 910 ciperet.
497 842 576 890 visu
599 842 760 889 susurru
786 822 912 888 Stoicos
937 829 969 888 et
993 823 1202 888 Academicos
1227 826 1356 887 secutus
1381 826 1443 904 est,
1466 823 1521 906 qui

245 934 355 998 dicunt
378 955 417 997 ea
439 953 522 1016 quae
542 934 654 996 contra
674 933 824 995 naturam
843 933 928 1014 sunt,
950 929 1114 1012 nuntiari,
1137 929 1192 993 sed
1211 929 1280 992 fieri
1300 928 1414 993 videri:
1438 928 1521 992 unda

245 1040 373 1124 magica
389 1061 448 1103 ars
472 1039 577 1103 omnis
601 1037 733 1103 exclusa
757 1041 821 1120 eat,
838 1036 929 1109 ¹sicut
951 1035 1077 1100 Plinius
1102 1034 1265 1101 Secundus
1290 1035 1385 1101 docet
1407 1037 1441 1100 in
1465 1059 1519 1100 na·
1539 1049 1555 1098 5

243 1145 344 1210 turali
366 1145 514 1210 historia.

331 1252 384 1316 91.
421 1251 614 1327 immutavi:
642 1249 736 1334 ‘qne'
764 1251 873 1316 brevis
902 1254 952 1314 est
977 1271 1036 1333 pro
1065 1249 1164 1334 longa
1193 1249 1313 1333 posita:
1346 1249 1430 1334 quod
1460 1249 1522 1315 hac

243 1359 367 1423 ratione
391 1356 588 1421 defenditur:
614 1360 671 1420 aut
694 1357 770 1440 qui'a
793 1357 903 1421 omnia
926 1355 1155 1439 monosyllaba
1178 1354 1347 1420 adartem
1366 1378 1431 1420 non
1449 1378 1520 1440 per·

244 1465 351 1530 tinent
381 1465 413 1528 et
439 1462 490 1527 his
518 1463 655 1529 licenter
682 1463 731 1527 uti
759 1483 946 1546 possumus,
979 1465 1037 1526 aut
1060 1465 1145 1526 certe
1169 1461 1246 1546 quia
1269 1483 1365 1526 omne
1387 1459 1519 1548 μόριον,

243 1570 277 1634 id
301 1573 351 1634 est
373 1568 543 1654 particula,
566 1591 648 1653 quaa
667 1569 717 1633 sui
736 1569 954 1633 substantiam
972 1567 1164 1652 nonhabet,
1187 1569 1367 1634 membrum
1386 1571 1521 1652 putatur·
1540 1581 1572 1629 10

244 1675 420 1761 superioris
447 1675 619 1739 orationis:
653 1674 738 1758 quod
766 1675 794 1739 si
818 1679 881 1758 est,
913 1672 1123 1758 ‘liminaque'
1147 1674 1240 1758 quasi
1263 1697 1327 1738 unu
1349 1697 1424 1758 par·
1449 1698 1518 1740 ora-

243 1781 342 1847 tionis
367 1785 426 1866 est,
449 1784 481 1845 et
503 1784 612 1865 potest
631 1779 725 1865 ‘que'
745 1779 915 1844 finalitatis
938 1780 1065 1844 ratione
1089 1780 1143 1844 vel-
1163 1779 1297 1864 produci
1315 1780 1367 1844 val
1391 1782 1519 1865 corripi.

332 1913 509 1960 unquesque
525 1913 579 1952 nur
604 1892 660 1952 aut
686 1889 752 1952 ideo
779 1887 987 1970 sinqulariter,
1015 1888 1090 1968 quia
1118 1887 1152 1951 in
1174 1886 1254 1952 Delo
1282 1887 1388 1952 insula
1410 1887 1519 1952 lammis

243 1996 386 2077 Apollini
408 1997 580 2058 consecrata
603 1999 661 2071 est;
691 1999 747 2058 aut
769 1995 871 2058 lucum
893 1995 983 2071 autu
1014 1998 1071 2058 uret
1091 1995 1166 2075 quio
1189 1994 1334 2072 auditur,
1362 1994 1519 2059 Latonam

242 2104 321 2167 eluas
349 2102 457 2165 laurus
484 2101 658 2182 amplexam
690 2099 833 2164 Dianam
859 2104 888 2164 et
913 2101 1091 2182 Apollinem
1119 2095 1256 2164 minam
1303 2099 1416 2179 fabaria
1431 2121 1518 2166 -saue
1538 2111 1569 2160 15

242 2211 278 2274 cle
300 2209 388 2273 lauro
411 2207 484 2272 talis
506 2212 565 2272 est:
589 2206 723 2288 Dapbnc
751 2205 862 2290 Penei,
884 2207 930 2271 uel
951 2210 988 2270 nt
1009 2205 1068 2270 alii
1090 2207 1196 2270 dicunt
1217 2205 1357 2271 maenis
1378 2207 1456 2290 filia,
1479 2208 1519 2272 ab

242 2315 389 2398 Apolline
415 2315 564 2378 adaquata
586 2319 637 2378 est.
671 2334 692 2377 a
714 2333 780 2395 qua.
799 2333 869 2378 cum
890 2313 1032 2395 mnibus
1053 2317 1083 2377 ct
1103 2313 1268 2394 promissis
1289 2334 1353 2378 non
1369 2314 1520 2396 potuisset

242 2411 354 2502 Apollo
380 2425 416 2485 nt
441 2440 542 2485 semum
569 2418 774 2484 concumberet
800 2420 978 2502 impetrare,
1005 2419 1068 2482 uim
1095 2419 1124 2483 oi
1150 2417 1292 2484 adbibem
1317 2423 1444 2502 conatis
1466 2427 1517 2499 cst,

241 2548 368 2609 eumque
389 2547 457 2592 eam
480 2527 686 2608 insequeretur
707 2529 737 2588 ct
757 2524 815 2588 olla
831 2524 954 2607 sapiens
971 2524 1125 2604 defecisset
1143 2525 1270 2608 lassata
1294 2530 1392 2590 lurae
1409 2527 1516 2608 implo-

241 2635 324 2698 rauit
346 2633 508 2697 annilium.
540 2651 635 2713 quam
658 2635 741 2695 terra
762 2630 851 2695 biatu
871 2631 954 2712 sacto
976 2631 1085 2713 recepit
1106 2635 1135 2694 et
1149 2652 1211 2713 pro
1233 2652 1269 2696 ca
1292 2631 1432 2696 arborem
1454 2635 1514 2697 erli-
1534 2647 1569 2696 20

241 2741 295 2819 dit,
313 2759 391 2822 quae
404 2737 520 2803 Graece
538 2758 648 2802 nomen
668 2757 759 2801 mum
776 2738 912 2818 retinuit,
935 2737 1048 2801 Latine
1067 2737 1175 2804 laurus
1192 2739 1315 2802 duitm.
1338 2741 1391 2804 scd
1402 2740 1517 2822 Apollo

242 2867 309 2912 cam
332 2847 424 2910 etiam
447 2849 598 2909 multatam
621 2845 667 2908 ita
689 2844 808 2926 dilexit,
836 2848 872 2908 ut
893 2844 1003 2908 tutelae
1025 2863 1100 2908 suae
1121 2843 1302 2909 manua
1324 2845 1516 2928 efficeretque,

242 2959 279 3017 ut
296 2957 420 3036 propter
442 2952 650 3035 supinitatem
672 2955 824 3015 smoalam
846 2970 963 3032 semper
984 2951 1101 3050 uiueret.
1183 2974 1297 3014 uorem
1316 2953 1390 3032 quia
1414 2954 1517 3034 optino

241 3065 285 3125 ast
305 3060 360 3124 sub
383 3060 513 3123 aduentu
537 3059 662 3122 deorum
684 3057 797 3121 monem
819 3057 940 3138 templa.

330 3166 382 3230 92.
418 3181 555 3230 noveru
569 3179 663 3230 uuus
679 3161 842 3246 Cynthus:
866 3163 948 3227 unde
963 3159 1125 3246 Cynthius
1140 3163 1270 3248 Apollo.
1360 3181 1514 3230 connisa
1534 3177 1567 3225 us

242 3273 331 3338 locus
354 3272 437 3337 unde
461 3270 628 3335 oraculum
652 3270 755 3334 datur.
800 3269 916 3334 dicitur
940 3273 1049 3334 autem
1072 3269 1211 3353 cortina,
1234 3270 1285 3334 vel
1309 3271 1393 3355 quod
1417 3270 1517 3355 Apol·

242 3379 317 3443 linis
336 3378 439 3462 tripos
459 3378 547 3443 corio
561 3375 721 3460 Pythonis
741 3381 846 3441 tectus
867 3380 929 3460 est,
952 3376 1003 3440 vel
1027 3374 1113 3459 quod
1136 3379 1224 3440 certa
1248 3377 1340 3441 illine
1362 3399 1517 3461 responsa

243 3485 434 3568 funduntur,
465 3484 559 3568 qnasi
582 3483 718 3573 certina,
747 3482 815 3566 vel,
840 3483 924 3567 quod
949 3485 998 3546 est
1022 3483 1142 3564 verius,
1166 3483 1242 3566 quia
1266 3505 1320 3548 cor
1342 3483 1411 3548 illic
1432 3485 1516 3548 vatis

242 3594 383 3654 tenetur:
416 3611 491 3655 num
516 3611 653 3655 caverna
676 3589 833 3674 quaedam
856 3589 1036 3673 intemplo
1061 3588 1225 3673 Apollinis
1250 3589 1325 3673 fuit,
1356 3590 1515 3675 adquam
1549 3583 1556 3598 '
1591 3645 1595 3652 .

240 3696 388 3761 Phoebas
415 3701 511 3778 rapta
538 3696 791 3779 vaticinabatur,
824 3700 861 3760 ut
887 3694 1036 3760 Lucanus
1064 3694 1115 3776 <V
1142 3695 1226 3780 159>
1255 3697 1406 3762 ostendit.
1457 3697 1516 3761 alii
1534 3711 1569 3758 30

242 3804 392 3868 cortinam
415 3803 505 3884 quiesi
528 3804 663 3868 ortinam
687 3803 822 3879 emunt,
845 3803 926 3884 qnod
946 3803 1018 3866 inde
1040 3823 1098 3866 coa
1120 3804 1249 3867 oriatur.
1378 3827 1518 3868 uncrusrs

241 3931 323 3974 nuuc
344 3910 474 3992 apertis:
498 3910 580 3974 alias
601 3910 698 3974 denuo
722 3909 823 3974 clusis.

315 4090 413 4152 tque
432 4083 523 4139 brevis
543 4085 586 4138 eet
604 4102 627 4138 e.
647 4103 673 4152 q.
693 4084 727 4155 s]
757 4085 792 4138 ci.
807 4084 912 4138 Charis.
933 4101 959 4152 p.
976 4090 1018 4149 13,
1038 4084 1101 4139 6Κ.
1120 4083 1202 4138 Proh.
1221 4083 1247 4137 d.
1267 4084 1317 4138 ult.
1337 4083 1397 4152 syll.
1414 4103 1440 4152 p.
1456 4091 1517 4149 257,

245 4163 275 4209 11
291 4154 324 4208 K.
344 4155 412 4209 Mar.
432 4155 505 4210 Vict.
525 4173 550 4224 p.
565 4161 609 4224 30,
628 4163 644 4208 6
658 4155 691 4210 Κ.
706 4159 715 4222 l
730 4161 763 4208 26
778 4155 880 4210 dicitur
899 4159 993 4210 autom
1008 4172 1031 4210 a.
1046 4174 1073 4224 q.
1088 4155 1123 4225 a]
1138 4172 1223 4208 exuar.
1239 4156 1378 4224 mythogr
1390 4156 1427 4208 lll
1443 4162 1468 4222 8,
1483 4162 1518 4224 tq*

242 4225 380 4294 Apollinis
399 4225 487 4308 tripos
507 4267 513 4280 .
534 4268 540 4278 .
560 4269 566 4280 .
587 4229 677 4280 nctus
696 4226 751 4297 est]
772 4226 806 4281 ci.
826 4227 904 4280 Luct.
923 4225 1000 4280 Plac.
1019 4227 1056 4280 ad
1075 4226 1145 4280 Stat.
1165 4226 1253 4282 Theb.
1273 4228 1431 4294 15091128
1451 4226 1519 4295 qnia

242 4315 289 4351 cor
306 4297 365 4350 illic
384 4299 456 4350 vatus
474 4297 597 4368 tenetur]
618 4297 652 4350 cf.
672 4297 761 4350 Varro
780 4297 844 4354 (1.1.
863 4297 881 4351 l.
901 4298 953 4350 vll
972 4302 1007 4350 48

313 4463 326 4509 1
347 4455 482 4510 radicitus
500 4457 640 4510 Arabena:
657 4456 798 4511 radicibus
816 4457 847 4510 F
857 4459 898 4527 114
916 4457 975 4511 fieri
995 4461 1058 4511 ante
1077 4456 1167 4512 videri
1185 4473 1235 4513 om.
1252 4457 1282 4510 F
1292 4460 1331 4527 [15
1351 4475 1396 4510 ars
1428 4473 1446 4510 a
1464 4457 1518 4511 uo-

242 4527 331 4581 manis
349 4543 425 4596 supr.
444 4545 510 4582 cers.
531 4529 594 4583 add.
614 4528 632 4596 l,
650 4529 750 4597 recepit
770 4529 925 4582 Mauricius
938 4531 948 4598 ΙΙ
962 4528 1074 4582 exclusa
1092 4528 1183 4582 omnis
1203 4528 1233 4581 F
1242 4529 1253 4610 j!
1266 4528 1357 4582 nurali
1417 4530 1456 4595 116
1476 4527 1517 4580 hi·

243 4598 341 4668 atoria]
365 4599 498 4667 quocirca
521 4602 550 4654 et
567 4598 639 4653 Dido
658 4597 801 4653 inducitur
819 4600 913 4654 dicens
932 4597 982 4667 (IV
1001 4603 1064 4668 493)
1085 4600 1221 4669 ‘magicas
1240 4601 1357 4653 invitam
1378 4587 1519 4668 adcingiar

244 4669 328 4724 artes’
350 4669 413 4723 add.
433 4669 462 4722 D
480 4671 489 4736 ll
509 4676 523 4723 7
544 4669 618 4738 quod
636 4669 675 4723 L:
693 4687 765 4738 quae
784 4672 884 4740 reliqui
900 4672 910 4740 ll
929 4677 944 4724 9
963 4670 1073 4726 marion
1091 4671 1185 4740 librili
1205 4677 1237 4724 10
1256 4671 1300 4724 sui
1318 4669 1517 4739 substantiam]

245 4741 262 4794 i.
282 4757 310 4796 e..
324 4741 470 4793 accentum
488 4757 606 4808 superse.
626 4757 666 4806 m,
688 4741 707 4794 i.
727 4757 751 4794 e.
776 4759 856 4795 suum
875 4744 1053 4796 accentume
1078 4741 1089 4810 ΙΙ
1117 4747 1150 4796 11
1169 4743 1264 4796 lucum
1282 4742 1399 4796 Daniel:
1426 4740 1519 4795 locum

244 4809 274 4862 F
283 4812 294 4878 ll
307 4815 340 4864 22
360 4811 466 4865 tutelae
486 4827 552 4864 snas
571 4829 621 4864 orn.
636 4813 738 4866 Daniel
752 4813 762 4880 ΙΙ
776 4818 809 4865 27
829 4812 916 4881 tripes
932 4814 968 4865 M
972 4829 985 4865 e
1003 4813 1094 4883 tripne
1110 4813 1267 4868 blasvicius
1284 4819 1309 4866 et
1322 4810 1518 4880 Buuruamusj

242 4887 275 4934 29
289 4879 413 4934 tenditur
424 4883 459 4936 Μ
464 4881 495 4936 E
508 4883 629 4951 (tenetur
638 4885 675 4950 m)
689 4883 699 4950 i
713 4883 861 4954 quaedam]
877 4883 990 4951 quidem
1001 4882 1032 4936 F
1042 4885 1053 4953 l
1066 4889 1100 4938 30
1115 4885 1239 4941 ostendit
1250 4885 1280 4939 in
1289 4883 1314 4939 V
1325 4884 1363 4937 Μ
1366 4883 1396 4936 E
