3626 5558
540 420 653 478 conn.
673 422 712 476 ΙΝ
730 422 837 481 vana.
856 423 941 478 AEN.
961 421 1008 480 111.
1029 429 1176 481 1se-1ro.
1433 424 1498 489 373

218 585 390 650 Dardanus
419 585 577 650 ethesius
604 585 722 650 fraires
745 585 876 650 fuerunt
898 585 985 651 Ionia
1006 591 1035 651 at
1056 586 1206 653 Electrae
1233 588 1308 654 filii:
1337 588 1393 654 sed
1416 589 1498 655 Dar-

219 693 322 758 danus
351 692 390 756 de
413 691 505 772 Iove,
532 692 638 758 Iasius
665 693 704 758 de
728 691 872 777 Corytho
900 696 1087 778 procreatus
1116 699 1178 778 est,
1207 695 1340 760 eonius
1367 697 1497 761 nomine

220 804 253 864 et
275 821 369 864 mons
393 803 427 865 et
445 799 600 883 oppidum
618 821 735 865 nomen
755 800 888 883 aceepit.
921 804 1038 884 postea
1054 799 1174 865 Iasium
1194 800 1312 866 dieitur
1325 801 1496 868 Dardanus

219 905 383 972 occidisse.
419 905 454 970 hi
476 909 579 971 tamen
598 908 714 989 fratres
736 927 806 972 orem
828 928 865 972 ea
879 907 1014 972 Etruria
1030 910 1263 991 proponarssmt
1279 911 1362 975 sedes
1378 915 1498 976 anteros

212 1017 327 1096 potere,
343 1013 484 1095 profecti.
516 1019 545 1077 et
562 1013 736 1079 Dardanas
753 1013 875 1095 atridem
898 1019 1055 1080 eontracta
1076 1015 1112 1078 in
1128 1014 1224 1079 Troia
1246 1015 1398 1080 inaenhata
1411 1015 1531 1081 Dar-5

217 1121 347 1185 doniam
368 1119 474 1184 narbam
496 1121 644 1204 condidit,
667 1142 688 1185 a
705 1141 768 1203 ona
790 1120 998 1186 Troianorum
1020 1122 1105 1204 ariao
1128 1121 1226 1188 orarit.
1263 1120 1371 1188 Iasius
1393 1128 1496 1196 antem

217 1226 467 1292 Samothraciam
490 1227 568 1308 cepit
593 1231 622 1290 et
646 1227 691 1291 ibi
718 1227 847 1292 liberam
874 1227 973 1292 laeam
999 1227 1128 1310 imperio
1156 1229 1260 1293 tenent.
1286 1229 1365 1294 -ata
1390 1230 1498 1294 demeat

217 1339 380 1416 atramque
402 1355 439 1398 ea
462 1331 715 1418 enormioris
736 1334 815 1419 filio,
839 1339 1017 1416 procreatos
1038 1340 1067 1400 et
1087 1334 1167 1400 sient
1187 1335 1303 1400 dietam
1324 1340 1368 1401 est
1388 1335 1496 1400 reh'ota

217 1441 318 1507 Italia
334 1441 495 1524 profectos.
522 1441 575 1506 sed
590 1440 713 1505 Iasiam
726 1439 975 1506 Samothraciam
993 1443 1121 1524 imperio
1141 1443 1283 1528 munisse,
1305 1442 1515 1520 Dardanum
1582 1525 1586 1534 ¹

217 1569 286 1614 aero
308 1550 345 1612 in
367 1547 541 1631 Phryoiam
561 1548 734 1630 peremisse
760 1547 861 1629 rbiqae
887 1547 1007 1613 anam
1034 1533 1131 1628 sabbe
1156 1547 1283 1628 Teano,
1311 1547 1498 1616 Scamandri
1518 1564 1552 1612 10

216 1656 298 1739 tilio,
319 1655 374 1738 qni
397 1660 462 1718 tam
483 1655 637 1736 finitimas
655 1657 759 1736 nentes
776 1653 851 1718 beta
869 1653 1037 1739 mandeba,
1059 1654 1219 1736 filiamque
1236 1655 1301 1720 eins
1318 1656 1441 1720 daona
1462 1657 1499 1720 in

217 1763 464 1845 matrimoninm,
486 1765 516 1826 et
528 1764 739 1842 postmortem
756 1762 852 1827 soceri
867 1781 996 1843 reonnm
1013 1762 1158 1845 adeptam
1171 1760 1374 1826 Dardaniam
1389 1761 1497 1826 Troia-
1514 1761 1521 1776 ⁸

217 1891 294 1934 nam
315 1871 467 1952 maionem
489 1868 529 1933 ab
550 1887 605 1933 sno
622 1866 751 1932 'nomina
773 1868 952 1952 appellasse.
992 1867 1105 1934 Graeci
1123 1873 1152 1933 et
1170 1867 1270 1934 Varro
1287 1867 1498 1933 haaranoram

216 1997 322 2042 renim
343 1975 534 2041 Dardanum
556 1993 619 2038 non
641 1995 680 2038 aa
702 1974 814 2052 Italia,
837 1976 891 2040 sed
911 1975 947 2039 de
964 1973 1118 2059 Arcadia,
1140 1974 1214 2040 serbe
1236 1973 1371 2060 Pheneo,
1394 1976 1497 2040 omnn-

216 2085 291 2149 dam
313 2083 435 2159 debant·
458 2081 517 2146 alii
540 2077 729 2157 Oretensen;
751 2080 811 2145 alii
833 2081 915 2146 oiroa
940 2081 1069 2146 Doiam
1090 2085 1121 2146 et
1141 2080 1235 2146 Idam
1258 2085 1376 2146 natant.
1421 2101 1497 2148 sane
1516 2093 1549 2142 15

208 2211 268 2273 rer
284 2189 391 2272 aaa
413 2188 648 2272 mamm
670 2188 879 2270 namna
901 2185 1093 2274 (sarmo-

306 2296 378 2362 168.
415 2310 528 2372 AQvo
548 2312 710 2361 Paracn‘a
734 2311 899 2360 nosnnvn
923 2317 942 2358 a
960 2292 1127 2378 Dardano,
1149 2315 1216 2358 non
1235 2294 1277 2359 ab
1295 2293 1396 2378 Iasi03
1419 2317 1494 2360 nam

216 2401 371 2468 anteriori
394 2401 571 2485 respondit
609 2401 693 2487 quod
715 2404 823 2466 autem
843 2401 923 2466 dicit
945 2400 977 2465 ‘a
991 2422 1054 2485 quo
1068 2401 1214 2485 principe
1229 2421 1332 2485 genus
1346 2405 1495 2468 nostrum

216 2507 283 2574 est'
310 2509 420 2592 potest
447 2510 480 2572 ei
503 2507 700 2593 generaliter
723 2507 886 2592 intellegi,
912 2509 949 2572 id
968 2511 1013 2572 est
1038 2506 1123 2572 unde
1151 2507 1311 2592 originem
1339 2508 1495 2595 ducimus,

215 2620 252 2680 ut
274 2615 351 2680 deos
374 2618 509 2698 penates
534 2614 627 2700 quasi
650 2613 810 2680 Troianos
834 2613 1023 2698 intellegas,
1050 2611 1148 2678 etad
1175 2613 1275 2678 ritum
1298 2613 1427 2701 referri,
1455 2617 1495 2681 de
1514 2627 1548 2675 eo

215 2744 279 2808 quo
307 2721 387 2786 dicit
408 2721 517 2787 Labeo
546 2722 581 2786 in
608 2721 703 2786 libris
732 2722 787 2806 qui
815 2720 1021 2805 appellantur
1053 2720 1092 2785 de
1121 2719 1184 2786 diis
1217 2719 1429 2786 animalibus:
1460 2723 1495 2787 in

216 2828 332 2914 quibus
361 2829 422 2912 ait,
453 2849 523 2893 esse
550 2827 708 2912 quaedam
733 2847 826 2892 saera
848 2828 965 2911 quibus
989 2827 1117 2892 animae
1139 2826 1302 2893 humanae
1325 2831 1494 2894 vertantur

214 2936 249 3000 in
271 2933 362 3020 deos,
386 2935 442 3020 qui
464 2933 673 3019 appellantur
696 2933 867 3018 animales,
891 2933 975 3018 quod
999 2933 1039 3000 de
1057 2934 1174 2999 animia
1198 2934 1288 2998 fiant.
1324 2934 1360 2998 hi
1384 2938 1492 3001 autem

215 3045 291 3108 sunt
312 3039 359 3106 dii
382 3043 516 3124 penates
540 3043 573 3105 et
595 3041 706 3106 viales.

305 3147 377 3213 169.
413 3173 528 3214 aaaron
548 3149 585 3213 id
604 3153 649 3214 est
666 3149 781 3214 ommsa
799 3147 929 3212 hesdinii
945 3166 1039 3228 quam
1057 3147 1201 3211 descendis
1220 3145 1349 3212 habebat
1361 3147 1494 3232 amoenis,
1512 3159 1547 3208 25

214 3255 605 3338 adoaiaeidesionatas
632 3252 914 3333 euidenterfieerat
940 3251 1313 3336 aaaaoqaemsiae
1339 3259 1496 3319 errorent

209 3381 335 3444 pernam
355 3365 385 3424 et
400 3362 561 3443 pervenire
581 3360 704 3426 deberet.
1465 3428 1468 3436 ,

306 3467 378 3531 170.
414 3485 513 3532 aava
527 3483 736 3532 aversanae
749 3483 863 3530 aaran
882 3468 939 3530 aut
957 3463 1034 3548 quia
1052 3463 1281 3530 dubitaverant
1299 3485 1338 3530 ex
1357 3466 1493 3532 consilio

214 3573 390 3658 Anchisae,
423 3578 480 3640 aut
508 3595 548 3640 ne
576 3577 710 3660 propter
737 3572 900 3638 somnium
927 3592 995 3636 non
1024 3571 1199 3636 crederent
1295 3597 1379 3638 arra
1403 3597 1429 3638 a.
1452 3575 1491 3654 a]

214 3679 307 3745 *idm
329 3681 448 3765 dieunt,
470 3681 499 3746 si
519 3680 599 3761 forte
620 3701 685 3746 non
705 3679 835 3745 aredmet
855 3679 938 3762 qaod
952 3698 1011 3760 per
1034 3677 1189 3742 samniam
1206 3676 1323 3758 m’olit,*
1345 3681 1401 3742 ant
1417 3681 1492 3762 qaia
1511 3691 1545 3740 eo

212 3809 276 3854 non
293 3789 395 3870 dabre,
417 3787 591 3871 ntApolha,
614 3791 807 3852 monuerant.
882 3800 1073 3850 coarrnvn
1096 3783 1247 3870 designat
1268 3787 1395 3868 partem
1417 3806 1491 3869 pro-

217 3914 427 3922 ——-—-—-

286 3970 300 4017 1
319 3961 466 4018 Dardanus
486 4005 493 4018 .
514 4003 520 4016 .
540 4006 546 4018 .
566 3960 712 4033 oeaidieee]
732 3977 818 4017 exuar.
838 3960 977 4030 mythogr.
997 3959 1009 4012 Ι
1029 3963 1080 4014 135

287 4131 299 4176 1
320 4121 372 4176 filii
390 4122 437 4176 uel
454 4123 487 4177 ut
504 4121 619 4191 quidam
638 4122 738 4177 uolunt
756 4120 910 4176 dardanum
930 4119 964 4174 de
982 4119 1045 4174 ioue
1063 4118 1165 4174 iasium
1183 4119 1218 4174 de
1234 4119 1348 4188 eurytho
1363 4135 1492 4188 procrea·

211 4197 273 4249 tam
292 4193 322 4247 F
337 4195 381 4262 [12
405 4193 494 4248 corito
513 4194 571 4248 Lm
598 4193 706 4249 coriuto
724 4193 759 4246 H
783 4191 859 4247 corio
880 4191 918 4245 Μ
944 4191 1042 4245 charta
1061 4190 1092 4244 F
1115 4189 1234 4256 (chorita
1253 4191 1279 4258 e)
1298 4191 1308 4258 l
1326 4191 1354 4260 a]
1374 4191 1415 4254 de¹
1429 4189 1480 4261 Fu

213 4273 228 4320 5
248 4265 402 4320 dardanam
421 4263 458 4331 F,
481 4281 550 4322 corr.
569 4266 674 4320 Danid
696 4265 706 4332 i
729 4271 744 4319 t
764 4263 857 4333 eoepit
877 4261 908 4316 F
926 4263 937 4332 h
961 4267 994 4316 10
1016 4263 1127 4316 teneros
1146 4259 1177 4314 F
1196 4262 1207 4330 l
1231 4266 1263 4315 11
1286 4261 1413 4316 finiamas
1432 4260 1464 4315 F
1483 4261 1493 4333 Η

211 4337 288 4392 bella
307 4335 339 4389 F
363 4336 374 4404 h
402 4341 434 4390 13
453 4335 541 4391 Varro
559 4337 633 4391 Rari
658 4336 803 4390 humanat.
826 4333 988 4388 Dardanum
1011 4349 1067 4388 nan
1090 4335 1128 4386 ex'
1141 4332 1226 4387 Italia
1248 4333 1298 4387 sed
1320 4349 1354 4386 ex
1371 4330 1493 4388 moadia

211 4407 279 4462 urbe
298 4407 405 4461 Phinea
423 4405 572 4462 oriundum
590 4406 660 4462 dieii
673 4407 797 4462 Ambrae.
812 4407 823 4475 l
837 4411 870 4458 lt
889 4403 1052 4459 aDardano
1069 4420 1127 4458 non
1145 4403 1182 4457 ab
1195 4402 1281 4474 iasio]
1301 4403 1355 4459 hoa
1374 4405 1492 4458 estnon

212 4479 248 4534 ab
265 4477 336 4534 iasio
355 4477 404 4531 sed
422 4494 440 4532 a
457 4477 581 4533 dardano
602 4477 632 4531 F
642 4479 652 4548 t
672 4483 704 4533 18
723 4475 874 4547 respondet
893 4476 930 4531 Μ
933 4475 986 4545 El}
1006 4479 1038 4529 19
1057 4475 1151 4544 potest
1168 4476 1265 4530 tamen
1282 4474 1387 4530 Daniel
1400 4477 1410 4544 l
1423 4473 1491 4530 dici·

212 4603 273 4640 mus
295 4584 325 4638 n
355 4561 479 4640 alcimus
498 4585 560 4654 Ηιι
587 4590 620 4639 nl
645 4582 687 4639 aa
706 4583 741 4637 Η
763 4584 773 4652 ιι
798 4581 979 4652 mimmius]
1005 4581 1106 4650 quibus
1125 4580 1204 4651 origo
1223 4580 1354 4636 animam
1373 4582 1417 4636 ea
1435 4579 1467 4634 a
1481 4581 1491 4652 n

212 4663 247 4710 24
265 4655 375 4724 maalea
396 4657 454 4724 Mn
471 4663 506 4711 26
526 4673 583 4725 qua
601 4655 628 4711 ei
645 4654 808 4736 designatur
827 4652 863 4722 F,
887 4669 956 4708 corr.
975 4651 1102 4720 Danieli!
1120 4668 1188 4707 sane
1207 4650 1238 4705 F
1248 4654 1258 4720 tt
1271 4658 1306 4707 28
1324 4671 1408 4706 aaran
1426 4651 1490 4706 ideo

211 4726 309 4782 dieunt
327 4767 333 4780 .
354 4770 360 4783 .
381 4771 387 4783 .
406 4727 479 4782 uidit
497 4730 547 4782 aut
564 4727 631 4796 quia
649 4726 848 4780 dubitauerunt
866 4741 888 4780 e.
909 4742 936 4793 q.
956 4741 976 4776 a.
997 4722 1053 4793 Fu
1075 4723 1120 4794 ex]
1140 4722 1175 4778 de
1192 4739 1230 4778 an
1258 4725 1301 4793 οΙΙ
1323 4729 1355 4778 31
1376 4739 1489 4778 monue-

211 4801 278 4853 mnt
294 4799 407 4868 aar-ipsi.-
426 4801 573 4853 mouerunt
591 4796 623 4851 F
646 4798 784 4853 noverunt
802 4796 907 4851 Daniel
920 4795 1031 4864 primns
1053 4795 1063 4864 l
1087 4813 1208 4849 coarrva
1274 4813 1408 4848 commun
1427 4793 1494 4847 ΒΗ

212 4887 326 4926 comrvn
346 4871 383 4924 Μ
386 4869 438 4937 El
452 4869 600 4939 designant
617 4869 721 4924 Daniel
734 4869 853 4936 ammae.
880 4865 1114 4922 idern-civitatem
1132 4883 1167 4922 ue
1185 4867 1293 4920 erraret
1310 4867 1339 4920 et
1357 4865 1467 4920 addidit
