<?xml version="1.0" encoding="UTF-8"?>
<!DOCTYPE html PUBLIC "-//W3C//DTD XHTML 1.0 Transitional//EN"
    "http://www.w3.org/TR/xhtml1/DTD/xhtml1-transitional.dtd">
<html xmlns="http://www.w3.org/1999/xhtml" xml:lang="en" lang="en">
 <head>
  <title>
</title>
<meta http-equiv="Content-Type" content="text/html;charset=utf-8" />
  <meta name='ocr-system' content='tesseract 3.04.00' />
  <meta name='ocr-capabilities' content='ocr_page ocr_carea ocr_par ocr_line ocrx_word'/>
</head>
<body>
  <div class='ocr_page' id='page_1' title='image "./serviigrammatic03thilgoog_0120.png"; bbox 0 0 3604 5552; ppageno 0'>
   <div class='ocr_carea' id='block_1_1' title="bbox 524 489 1468 554">
    <p class='ocr_par' dir='ltr' id='par_1_1' title="bbox 524 489 1468 554">
     <span class='ocr_line' id='line_1_1' title="bbox 524 489 1468 554; baseline 0.002 -10"><span class='ocrx_word' id='word_1_1' title='bbox 524 489 695 548; x_wconf 71' lang='grc'>00111111</span> <span class='ocrx_word' id='word_1_2' title='bbox 715 491 823 546; x_wconf 80' lang='lat' dir='ltr'><strong>Vnae.</strong></span> <span class='ocrx_word' id='word_1_3' title='bbox 844 492 926 546; x_wconf 84' lang='lat' dir='ltr'>AEN.</span> <span class='ocrx_word' id='word_1_4' title='bbox 947 493 967 546; x_wconf 90' lang='lat' dir='ltr'><strong>l.</strong></span> <span class='ocrx_word' id='word_1_5' title='bbox 987 497 1135 546; x_wconf 77' lang='lat' dir='ltr'><strong>aea—aet.</strong></span> <span class='ocrx_word' id='word_1_6' title='bbox 1406 493 1468 554; x_wconf 84' lang='grc'><strong>109</strong></span> 
     </span>
    </p>
   </div>
   <div class='ocr_carea' id='block_1_2' title="bbox 134 649 1523 3511">
    <p class='ocr_par' dir='ltr' id='par_1_2' title="bbox 186 649 1522 1698">
     <span class='ocr_line' id='line_1_2' title="bbox 277 649 1469 737; baseline 0.004 -23"><span class='ocrx_word' id='word_1_7' title='bbox 277 649 352 714; x_wconf 83' lang='grc'><strong>293.</strong></span> <span class='ocrx_word' id='word_1_8' title='bbox 388 667 496 716; x_wconf 75' lang='lat' dir='ltr'><strong>alana</strong></span> <span class='ocrx_word' id='word_1_9' title='bbox 527 673 600 716; x_wconf 90' lang='lat' dir='ltr'><strong>cnm</strong></span> <span class='ocrx_word' id='word_1_10' title='bbox 629 658 759 736; x_wconf 86' lang='lat' dir='ltr'><strong>apertae</strong></span> <span class='ocrx_word' id='word_1_11' title='bbox 788 659 872 720; x_wconf 90' lang='lat' dir='ltr'><strong>sunt.</strong></span> <span class='ocrx_word' id='word_1_12' title='bbox 964 656 1065 735; x_wconf 69' lang='lat' dir='ltr'><strong>oraru]</strong></span> <span class='ocrx_word' id='word_1_13' title='bbox 1095 653 1150 717; x_wconf 81' lang='lat' dir='ltr'><strong>boc</strong></span> <span class='ocrx_word' id='word_1_14' title='bbox 1171 660 1215 719; x_wconf 86' lang='lat' dir='ltr'><strong>est</strong></span> <span class='ocrx_word' id='word_1_15' title='bbox 1236 655 1469 737; x_wconf 71' lang='lat' dir='ltr'><em>abominandae,</em></span> 
     </span>
     <span class='ocr_line' id='line_1_3' title="bbox 187 756 1471 844; baseline 0.005 -24"><span class='ocrx_word' id='word_1_16' title='bbox 187 757 270 822; x_wconf 74' lang='lat' dir='ltr'><strong>otras</strong></span> <span class='ocrx_word' id='word_1_17' title='bbox 306 756 424 821; x_wconf 76' lang='lat' dir='ltr'><strong>‘dirae&#39;</strong></span> <span class='ocrx_word' id='word_1_18' title='bbox 458 779 589 841; x_wconf 79' lang='lat' dir='ltr'><strong>mapaae</strong></span> <span class='ocrx_word' id='word_1_19' title='bbox 622 781 669 824; x_wconf 85' lang='lat' dir='ltr'><strong>aa</strong></span> <span class='ocrx_word' id='word_1_20' title='bbox 702 783 770 826; x_wconf 83' lang='lat' dir='ltr'><strong>saa</strong></span> <span class='ocrx_word' id='word_1_21' title='bbox 803 763 932 844; x_wconf 78' lang='lat' dir='ltr'><strong>coique</strong></span> <span class='ocrx_word' id='word_1_22' title='bbox 965 763 1052 827; x_wconf 85' lang='lat' dir='ltr'><strong>deos</strong></span> <span class='ocrx_word' id='word_1_23' title='bbox 1080 763 1132 842; x_wconf 80' lang='lat' dir='ltr'><strong>fit</strong></span> <span class='ocrx_word' id='word_1_24' title='bbox 1162 762 1247 826; x_wconf 77' lang='lat' dir='ltr'><strong>dira</strong></span> <span class='ocrx_word' id='word_1_25' title='bbox 1280 763 1410 844; x_wconf 82' lang='lat' dir='ltr'><strong>copiola</strong></span> <span class='ocrx_word' id='word_1_26' title='bbox 1441 767 1471 826; x_wconf 85' lang='lat' dir='ltr'><strong>et</strong></span> 
     </span>
     <span class='ocr_line' id='line_1_4' title="bbox 186 864 1468 951; baseline 0.005 -25"><span class='ocrx_word' id='word_1_27' title='bbox 186 864 262 927; x_wconf 84' lang='lat' dir='ltr'><strong>iam</strong></span> <span class='ocrx_word' id='word_1_28' title='bbox 285 869 359 928; x_wconf 86' lang='lat' dir='ltr'><strong>tam</strong></span> <span class='ocrx_word' id='word_1_29' title='bbox 381 864 514 948; x_wconf 79' lang='lat' dir='ltr'><strong>retipio</strong></span> <span class='ocrx_word' id='word_1_30' title='bbox 532 869 691 948; x_wconf 83' lang='lat' dir='ltr'><strong>panidos</strong></span> <span class='ocrx_word' id='word_1_31' title='bbox 714 869 875 933; x_wconf 83' lang='lat' dir='ltr'><strong>terrebat</strong></span> <span class='ocrx_word' id='word_1_32' title='bbox 895 873 1057 951; x_wconf 79' lang='lat' dir='ltr'><strong>aprestes</strong></span> <span class='ocrx_word' id='word_1_33' title='bbox 1080 869 1165 932; x_wconf 77' lang='lat' dir='ltr'><strong>dira</strong></span> <span class='ocrx_word' id='word_1_34' title='bbox 1189 868 1259 932; x_wconf 87' lang='lat' dir='ltr'><strong>loci</strong></span> <span class='ocrx_word' id='word_1_35' title='bbox 1286 873 1314 931; x_wconf 86' lang='lat' dir='ltr'><strong>et</strong></span> <span class='ocrx_word' id='word_1_36' title='bbox 1339 869 1468 933; x_wconf 84' lang='lat' dir='ltr'><strong>dicaa-</strong></span> 
     </span>
     <span class='ocr_line' id='line_1_5' title="bbox 188 972 1468 1058; baseline 0.005 -25"><span class='ocrx_word' id='word_1_37' title='bbox 188 975 250 1034; x_wconf 85' lang='lat' dir='ltr'><strong>tar</strong></span> <span class='ocrx_word' id='word_1_38' title='bbox 269 972 437 1053; x_wconf 77' lang='lat' dir='ltr'><strong>pemiaae</strong></span> <span class='ocrx_word' id='word_1_39' title='bbox 457 979 578 1055; x_wconf 85' lang='lat' dir='ltr'><strong>pestes</strong></span> <span class='ocrx_word' id='word_1_40' title='bbox 606 976 816 1056; x_wconf 71' lang='lat' dir='ltr'><strong>cognomine</strong></span> <span class='ocrx_word' id='word_1_41' title='bbox 841 975 969 1040; x_wconf 81' lang='lat' dir='ltr'><em>Dirae.</em></span> <span class='ocrx_word' id='word_1_42' title='bbox 1065 991 1285 1040; x_wconf 77' lang='lat' dir='ltr'><strong>oonenalnvs</strong></span> <span class='ocrx_word' id='word_1_43' title='bbox 1314 975 1468 1058; x_wconf 80' lang='lat' dir='ltr'><em>ambages</em></span> 
     </span>
     <span class='ocr_line' id='line_1_6' title="bbox 187 1080 1503 1165; baseline 0.005 -26"><span class='ocrx_word' id='word_1_44' title='bbox 187 1080 220 1140; x_wconf 86' lang='lat' dir='ltr'><strong>et</strong></span> <span class='ocrx_word' id='word_1_45' title='bbox 243 1098 418 1163; x_wconf 81' lang='lat' dir='ltr'><strong>compages</strong></span> <span class='ocrx_word' id='word_1_46' title='bbox 442 1081 568 1164; x_wconf 76' lang='lat' dir='ltr'><strong>antiqui</strong></span> <span class='ocrx_word' id='word_1_47' title='bbox 591 1084 720 1145; x_wconf 87' lang='lat' dir='ltr'><strong>tantum</strong></span> <span class='ocrx_word' id='word_1_48' title='bbox 751 1080 916 1163; x_wconf 76' lang='lat' dir='ltr'><strong>dicebant,</strong></span> <span class='ocrx_word' id='word_1_49' title='bbox 947 1082 1122 1165; x_wconf 78' lang='lat' dir='ltr'><strong>posteritas</strong></span> <span class='ocrx_word' id='word_1_50' title='bbox 1154 1081 1286 1146; x_wconf 76' lang='lat' dir='ltr'><strong>admisit</strong></span> <span class='ocrx_word' id='word_1_51' title='bbox 1308 1087 1346 1146; x_wconf 89' lang='lat' dir='ltr'><strong>ut</strong></span> <span class='ocrx_word' id='word_1_52' title='bbox 1369 1083 1503 1146; x_wconf 77' lang='lat' dir='ltr'><strong>etiams</strong></span> 
     </span>
     <span class='ocr_line' id='line_1_7' title="bbox 188 1185 1469 1272; baseline 0.004 -26"><span class='ocrx_word' id='word_1_53' title='bbox 188 1204 362 1268; x_wconf 81' lang='lat' dir='ltr'><strong>compago¹</strong></span> <span class='ocrx_word' id='word_1_54' title='bbox 379 1185 517 1252; x_wconf 87' lang='lat' dir='ltr'><strong>dicatur:</strong></span> <span class='ocrx_word' id='word_1_55' title='bbox 555 1187 610 1252; x_wconf 90' lang='lat' dir='ltr'><strong>sed</strong></span> <span class='ocrx_word' id='word_1_56' title='bbox 643 1210 708 1252; x_wconf 89' lang='lat' dir='ltr'><strong>non</strong></span> <span class='ocrx_word' id='word_1_57' title='bbox 740 1189 817 1272; x_wconf 92' lang='lat' dir='ltr'><strong>quia</strong></span> <span class='ocrx_word' id='word_1_58' title='bbox 851 1189 960 1252; x_wconf 87' lang='lat' dir='ltr'><strong>varius</strong></span> <span class='ocrx_word' id='word_1_59' title='bbox 996 1210 1067 1253; x_wconf 89' lang='lat' dir='ltr'><strong>esse</strong></span> <span class='ocrx_word' id='word_1_60' title='bbox 1098 1191 1210 1271; x_wconf 88' lang='lat' dir='ltr'><strong>potest</strong></span> <span class='ocrx_word' id='word_1_61' title='bbox 1239 1187 1469 1271; x_wconf 82' lang='lat' dir='ltr'><strong>nominativus,</strong></span> 
     </span>
     <span class='ocr_line' id='line_1_8' title="bbox 188 1291 1468 1378; baseline 0.002 -24"><span class='ocrx_word' id='word_1_62' title='bbox 188 1291 284 1355; x_wconf 90' lang='lat' dir='ltr'><strong>debet</strong></span> <span class='ocrx_word' id='word_1_63' title='bbox 307 1292 407 1356; x_wconf 88' lang='lat' dir='ltr'><strong>etiam</strong></span> <span class='ocrx_word' id='word_1_64' title='bbox 425 1293 599 1358; x_wconf 79' lang='lat' dir='ltr'><strong>declinatio</strong></span> <span class='ocrx_word' id='word_1_65' title='bbox 618 1295 753 1378; x_wconf 89' lang='lat' dir='ltr'><strong>mutari,</strong></span> <span class='ocrx_word' id='word_1_66' title='bbox 773 1293 1044 1378; x_wconf 87' lang='lat' dir='ltr'><strong>quemadmodum</strong></span> <span class='ocrx_word' id='word_1_67' title='bbox 1062 1317 1122 1360; x_wconf 90' lang='lat' dir='ltr'><strong>nec</strong></span> <span class='ocrx_word' id='word_1_68' title='bbox 1140 1295 1175 1359; x_wconf 89' lang='lat' dir='ltr'><strong>in</strong></span> <span class='ocrx_word' id='word_1_69' title='bbox 1193 1295 1266 1358; x_wconf 89' lang='lat' dir='ltr'><strong>istis</strong></span> <span class='ocrx_word' id='word_1_70' title='bbox 1283 1294 1468 1363; x_wconf 84' lang='lat' dir='ltr'><strong>nominibus</strong></span> 
     </span>
     <span class='ocr_line' id='line_1_9' title="bbox 188 1398 1469 1486; baseline 0.003 -24"><span class='ocrx_word' id='word_1_71' title='bbox 188 1398 285 1463; x_wconf 89' lang='lat' dir='ltr'><strong>arbor</strong></span> <span class='ocrx_word' id='word_1_72' title='bbox 309 1399 419 1482; x_wconf 88' lang='lat' dir='ltr'><strong>arbos,</strong></span> <span class='ocrx_word' id='word_1_73' title='bbox 442 1422 554 1465; x_wconf 84' lang='lat' dir='ltr'><strong>vomer</strong></span> <span class='ocrx_word' id='word_1_74' title='bbox 577 1402 694 1486; x_wconf 70' lang='lat' dir='ltr'><strong>vomis,</strong></span> <span class='ocrx_word' id='word_1_75' title='bbox 717 1423 792 1465; x_wconf 88' lang='lat' dir='ltr'><strong>nam</strong></span> <span class='ocrx_word' id='word_1_76' title='bbox 819 1404 851 1466; x_wconf 91' lang='lat' dir='ltr'><strong>et</strong></span> <span class='ocrx_word' id='word_1_77' title='bbox 869 1401 1007 1465; x_wconf 88' lang='lat' dir='ltr'><strong>vomeris</strong></span> <span class='ocrx_word' id='word_1_78' title='bbox 1033 1405 1066 1466; x_wconf 89' lang='lat' dir='ltr'><strong>et</strong></span> <span class='ocrx_word' id='word_1_79' title='bbox 1085 1402 1210 1467; x_wconf 87' lang='lat' dir='ltr'><strong>arboris</strong></span> <span class='ocrx_word' id='word_1_80' title='bbox 1229 1405 1359 1466; x_wconf 87' lang='lat' dir='ltr'><strong>tantum</strong></span> <span class='ocrx_word' id='word_1_81' title='bbox 1381 1401 1469 1466; x_wconf 82' lang='lat' dir='ltr'><strong>facit.</strong></span> 
     </span>
     <span class='ocr_line' id='line_1_10' title="bbox 188 1508 1469 1594; baseline 0.002 -25"><span class='ocrx_word' id='word_1_82' title='bbox 188 1526 266 1590; x_wconf 91' lang='lat' dir='ltr'><strong>ergo</strong></span> <span class='ocrx_word' id='word_1_83' title='bbox 294 1525 467 1590; x_wconf 85' lang='lat' dir='ltr'><strong>compages</strong></span> <span class='ocrx_word' id='word_1_84' title='bbox 495 1509 676 1592; x_wconf 90' lang='lat' dir='ltr'><strong>compagis,</strong></span> <span class='ocrx_word' id='word_1_85' title='bbox 705 1508 859 1592; x_wconf 90' lang='lat' dir='ltr'><strong>quoniam</strong></span> <span class='ocrx_word' id='word_1_86' title='bbox 887 1529 1046 1594; x_wconf 82' lang='lat' dir='ltr'><strong>compago</strong></span> <span class='ocrx_word' id='word_1_87' title='bbox 1073 1513 1264 1593; x_wconf 88' lang='lat' dir='ltr'><strong>usurpatum</strong></span> <span class='ocrx_word' id='word_1_88' title='bbox 1293 1513 1358 1594; x_wconf 76' lang='lat' dir='ltr'><strong>cst3</strong></span> <span class='ocrx_word' id='word_1_89' title='bbox 1386 1529 1469 1574; x_wconf 91' lang='lat' dir='ltr'><strong>com-</strong></span> 
     </span>
     <span class='ocr_line' id='line_1_11' title="bbox 188 1612 1522 1698; baseline 0.003 -22"><span class='ocrx_word' id='word_1_90' title='bbox 188 1612 317 1696; x_wconf 89' lang='lat' dir='ltr'><strong>paginis</strong></span> <span class='ocrx_word' id='word_1_91' title='bbox 340 1612 427 1676; x_wconf 87' lang='lat' dir='ltr'><strong>enim</strong></span> <span class='ocrx_word' id='word_1_92' title='bbox 449 1635 545 1678; x_wconf 90' lang='lat' dir='ltr'><strong>nemo</strong></span> <span class='ocrx_word' id='word_1_93' title='bbox 568 1615 698 1698; x_wconf 89' lang='lat' dir='ltr'><strong>penitus</strong></span> <span class='ocrx_word' id='word_1_94' title='bbox 722 1615 808 1679; x_wconf 89' lang='lat' dir='ltr'><strong>dicit.</strong></span> <span class='ocrx_word' id='word_1_95' title='bbox 1386 1633 1390 1640; x_wconf 90' lang='lat'>&#39;</span> <span class='ocrx_word' id='word_1_96' title='bbox 1489 1623 1522 1671; x_wconf 87' lang='lat'><strong>10</strong></span> 
     </span>
    </p>

    <p class='ocr_par' dir='ltr' id='par_1_3' title="bbox 134 1718 1523 2956">
     <span class='ocr_line' id='line_1_12' title="bbox 279 1718 1470 1804; baseline 0.002 -22"><span class='ocrx_word' id='word_1_97' title='bbox 279 1718 353 1782; x_wconf 77' lang='lat'>294.</span> <span class='ocrx_word' id='word_1_98' title='bbox 395 1745 485 1785; x_wconf 75' lang='lat' dir='ltr'><strong>sarar</strong></span> <span class='ocrx_word' id='word_1_99' title='bbox 505 1745 616 1784; x_wconf 71' lang='lat' dir='ltr'><strong>roario</strong></span> <span class='ocrx_word' id='word_1_100' title='bbox 646 1720 723 1785; x_wconf 88' lang='lat' dir='ltr'><strong>Iani</strong></span> <span class='ocrx_word' id='word_1_101' title='bbox 750 1722 880 1803; x_wconf 77' lang='lat' dir='ltr'><strong>pomini,</strong></span> <span class='ocrx_word' id='word_1_102' title='bbox 916 1742 995 1804; x_wconf 79' lang='lat' dir='ltr'><strong>qaae</strong></span> <span class='ocrx_word' id='word_1_103' title='bbox 1025 1721 1100 1786; x_wconf 86' lang='lat' dir='ltr'><strong>betto</strong></span> <span class='ocrx_word' id='word_1_104' title='bbox 1132 1721 1361 1802; x_wconf 55' lang='lat' dir='ltr'><strong>apembbaamm</strong></span> <span class='ocrx_word' id='word_1_105' title='bbox 1392 1741 1470 1803; x_wconf 73' lang='lat' dir='ltr'><strong>poce</strong></span> 
     </span>
     <span class='ocr_line' id='line_1_13' title="bbox 134 1824 1470 1909; baseline 0.002 -20"><span class='ocrx_word' id='word_1_106' title='bbox 134 1833 136 1837; x_wconf 84' lang='lat'>&#39;</span> <span class='ocrx_word' id='word_1_107' title='bbox 192 1824 418 1890; x_wconf 69' lang='lat' dir='ltr'><strong>emodebaabtr,</strong></span> <span class='ocrx_word' id='word_1_108' title='bbox 463 1825 528 1889; x_wconf 80' lang='lat' dir='ltr'><strong>idm</strong></span> <span class='ocrx_word' id='word_1_109' title='bbox 551 1829 653 1889; x_wconf 71' lang='lat' dir='ltr'><strong>namra</strong></span> <span class='ocrx_word' id='word_1_110' title='bbox 683 1826 785 1890; x_wconf 82' lang='lat' dir='ltr'><strong>Ianos</strong></span> <span class='ocrx_word' id='word_1_111' title='bbox 814 1827 884 1892; x_wconf 86' lang='lat' dir='ltr'><strong>balii</strong></span> <span class='ocrx_word' id='word_1_112' title='bbox 913 1831 1043 1909; x_wconf 83' lang='lat' dir='ltr'><strong>tempore</strong></span> <span class='ocrx_word' id='word_1_113' title='bbox 1068 1827 1245 1908; x_wconf 79' lang='lat' dir='ltr'><strong>patefiebat,</strong></span> <span class='ocrx_word' id='word_1_114' title='bbox 1274 1831 1310 1890; x_wconf 84' lang='lat' dir='ltr'><strong>at</strong></span> <span class='ocrx_word' id='word_1_115' title='bbox 1337 1829 1470 1892; x_wconf 81' lang='lat' dir='ltr'><strong>eiusdem</strong></span> 
     </span>
     <span class='ocr_line' id='line_1_14' title="bbox 190 1923 1468 2016; baseline 0.002 -20"><span class='ocrx_word' id='word_1_116' title='bbox 190 1937 363 2014; x_wconf 78' lang='lat' dir='ltr'><strong>conspectas</strong></span> <span class='ocrx_word' id='word_1_117' title='bbox 383 1952 438 2013; x_wconf 86' lang='lat' dir='ltr'><strong>per</strong></span> <span class='ocrx_word' id='word_1_118' title='bbox 459 1923 570 1996; x_wconf 85' lang='lat' dir='ltr'><strong>bellom</strong></span> <span class='ocrx_word' id='word_1_119' title='bbox 587 1936 719 2013; x_wconf 85' lang='lat' dir='ltr'><strong>pateret,</strong></span> <span class='ocrx_word' id='word_1_120' title='bbox 743 1933 777 1996; x_wconf 86' lang='lat' dir='ltr'><strong>ia</strong></span> <span class='ocrx_word' id='word_1_121' title='bbox 799 1934 886 1997; x_wconf 86' lang='lat' dir='ltr'><strong>caios</strong></span> <span class='ocrx_word' id='word_1_122' title='bbox 902 1938 1051 2015; x_wconf 79' lang='lat' dir='ltr'><strong>potestate</strong></span> <span class='ocrx_word' id='word_1_123' title='bbox 1068 1939 1142 1997; x_wconf 85' lang='lat' dir='ltr'><strong>esset</strong></span> <span class='ocrx_word' id='word_1_124' title='bbox 1164 1933 1263 1998; x_wconf 78' lang='lat' dir='ltr'><strong>esitus</strong></span> <span class='ocrx_word' id='word_1_125' title='bbox 1280 1935 1468 2016; x_wconf 61' lang='lat' dir='ltr'><strong>restituebam</strong></span> 
     </span>
     <span class='ocr_line' id='line_1_15' title="bbox 190 2039 1469 2123; baseline 0 -19"><span class='ocrx_word' id='word_1_126' title='bbox 190 2041 225 2104; x_wconf 86' lang='lat' dir='ltr'><strong>id</strong></span> <span class='ocrx_word' id='word_1_127' title='bbox 246 2040 328 2103; x_wconf 82' lang='lat' dir='ltr'><strong>caim</strong></span> <span class='ocrx_word' id='word_1_128' title='bbox 350 2039 420 2120; x_wconf 80' lang='lat' dir='ltr'><strong>ipm</strong></span> <span class='ocrx_word' id='word_1_129' title='bbox 441 2040 598 2121; x_wconf 70' lang='lat' dir='ltr'><strong>significat</strong></span> <span class='ocrx_word' id='word_1_130' title='bbox 619 2041 685 2104; x_wconf 82' lang='lat' dir='ltr'><strong>etas</strong></span> <span class='ocrx_word' id='word_1_131' title='bbox 706 2040 834 2123; x_wconf 71' lang='lat' dir='ltr'><strong>effipia,</strong></span> <span class='ocrx_word' id='word_1_132' title='bbox 856 2041 1031 2123; x_wconf 70' lang='lat' dir='ltr'><strong>praebentes</strong></span> <span class='ocrx_word' id='word_1_133' title='bbox 1052 2061 1084 2105; x_wconf 85' lang='lat' dir='ltr'><strong>ce</strong></span> <span class='ocrx_word' id='word_1_134' title='bbox 1105 2040 1247 2104; x_wconf 71' lang='lat' dir='ltr'><strong>meabas</strong></span> <span class='ocrx_word' id='word_1_135' title='bbox 1269 2045 1298 2104; x_wconf 82' lang='lat' dir='ltr'><strong>a</strong></span> <span class='ocrx_word' id='word_1_136' title='bbox 1318 2041 1469 2104; x_wconf 70' lang='lat' dir='ltr'><strong>reicienti-</strong></span> 
     </span>
     <span class='ocr_line' id='line_1_16' title="bbox 191 2144 1522 2231; baseline 0.001 -21"><span class='ocrx_word' id='word_1_137' title='bbox 191 2147 246 2211; x_wconf 83' lang='lat' dir='ltr'><strong>bos</strong></span> <span class='ocrx_word' id='word_1_138' title='bbox 276 2146 390 2209; x_wconf 73' lang='lat' dir='ltr'><strong>dacco.</strong></span> <span class='ocrx_word' id='word_1_139' title='bbox 439 2144 520 2209; x_wconf 72' lang='lat' dir='ltr'><strong>bimo</strong></span> <span class='ocrx_word' id='word_1_140' title='bbox 551 2151 653 2210; x_wconf 80' lang='lat' dir='ltr'><strong>aatora</strong></span> <span class='ocrx_word' id='word_1_141' title='bbox 684 2146 759 2211; x_wconf 84' lang='lat' dir='ltr'><strong>olim</strong></span> <span class='ocrx_word' id='word_1_142' title='bbox 792 2147 900 2210; x_wconf 84' lang='lat' dir='ltr'><strong>Numa</strong></span> <span class='ocrx_word' id='word_1_143' title='bbox 928 2147 1101 2228; x_wconf 85' lang='lat' dir='ltr'><strong>Pompilios</strong></span> <span class='ocrx_word' id='word_1_144' title='bbox 1130 2147 1215 2231; x_wconf 78' lang='lat' dir='ltr'><strong>fait,</strong></span> <span class='ocrx_word' id='word_1_145' title='bbox 1247 2149 1335 2212; x_wconf 73' lang='lat' dir='ltr'><strong>aiios</strong></span> <span class='ocrx_word' id='word_1_146' title='bbox 1360 2152 1471 2229; x_wconf 78' lang='lat' dir='ltr'><strong>portas</strong></span> <span class='ocrx_word' id='word_1_147' title='bbox 1490 2155 1522 2203; x_wconf 76' lang='lat'><strong>1⁶</strong></span> 
     </span>
     <span class='ocr_line' id='line_1_17' title="bbox 187 2253 1469 2337; baseline 0.002 -22"><span class='ocrx_word' id='word_1_148' title='bbox 187 2254 275 2335; x_wconf 78' lang='lat' dir='ltr'><strong>repat</strong></span> <span class='ocrx_word' id='word_1_149' title='bbox 303 2257 434 2334; x_wconf 84' lang='lat' dir='ltr'><strong>tempore</strong></span> <span class='ocrx_word' id='word_1_150' title='bbox 461 2253 580 2316; x_wconf 81' lang='lat' dir='ltr'><strong>clausit.</strong></span> <span class='ocrx_word' id='word_1_151' title='bbox 670 2269 787 2318; x_wconf 82' lang='lat' dir='ltr'><strong>nvnoa</strong></span> <span class='ocrx_word' id='word_1_152' title='bbox 814 2270 933 2318; x_wconf 77' lang='lat' dir='ltr'><strong>[nerva</strong></span> <span class='ocrx_word' id='word_1_153' title='bbox 957 2271 1061 2319; x_wconf 80' lang='lat' dir='ltr'><strong>rnnvs</strong></span> <span class='ocrx_word' id='word_1_154' title='bbox 1090 2257 1127 2318; x_wconf 87' lang='lat' dir='ltr'><strong>ut</strong></span> <span class='ocrx_word' id='word_1_155' title='bbox 1155 2254 1302 2337; x_wconf 86' lang='lat' dir='ltr'><strong>superius</strong></span> <span class='ocrx_word' id='word_1_156' title='bbox 1331 2253 1469 2318; x_wconf 86' lang='lat' dir='ltr'><strong>diximus</strong></span> 
     </span>
     <span class='ocr_line' id='line_1_18' title="bbox 189 2357 1469 2443; baseline 0.001 -20"><span class='ocrx_word' id='word_1_157' title='bbox 189 2363 324 2443; x_wconf 89' lang='lat' dir='ltr'><strong>propter</strong></span> <span class='ocrx_word' id='word_1_158' title='bbox 341 2357 430 2422; x_wconf 89' lang='lat' dir='ltr'><strong>bella</strong></span> <span class='ocrx_word' id='word_1_159' title='bbox 448 2358 570 2443; x_wconf 82' lang='lat' dir='ltr'><strong>civilia,</strong></span> <span class='ocrx_word' id='word_1_160' title='bbox 594 2381 676 2442; x_wconf 88' lang='lat' dir='ltr'><strong>quae</strong></span> <span class='ocrx_word' id='word_1_161' title='bbox 700 2363 793 2443; x_wconf 89' lang='lat' dir='ltr'><strong>gesta</strong></span> <span class='ocrx_word' id='word_1_162' title='bbox 806 2363 893 2438; x_wconf 42' lang='lat' dir='ltr'><strong>,sunt</strong></span> <span class='ocrx_word' id='word_1_163' title='bbox 915 2367 1029 2424; x_wconf 88' lang='lat' dir='ltr'><strong>contra</strong></span> <span class='ocrx_word' id='word_1_164' title='bbox 1048 2358 1186 2423; x_wconf 86' lang='lat' dir='ltr'><strong>Brutum</strong></span> <span class='ocrx_word' id='word_1_165' title='bbox 1208 2364 1241 2423; x_wconf 90' lang='lat' dir='ltr'><strong>et</strong></span> <span class='ocrx_word' id='word_1_166' title='bbox 1260 2357 1408 2424; x_wconf 78' lang='lat' dir='ltr'><strong>Cassium</strong></span> <span class='ocrx_word' id='word_1_167' title='bbox 1428 2360 1469 2424; x_wconf 92' lang='lat' dir='ltr'><strong>ab</strong></span> 
     </span>
     <span class='ocr_line' id='line_1_19' title="bbox 189 2463 1470 2551; baseline 0.001 -22"><span class='ocrx_word' id='word_1_168' title='bbox 189 2467 339 2548; x_wconf 85' lang='lat' dir='ltr'><strong>Augusto</strong></span> <span class='ocrx_word' id='word_1_169' title='bbox 372 2464 407 2527; x_wconf 91' lang='lat' dir='ltr'><strong>in</strong></span> <span class='ocrx_word' id='word_1_170' title='bbox 439 2463 615 2549; x_wconf 88' lang='lat' dir='ltr'><strong>Philippis,</strong></span> <span class='ocrx_word' id='word_1_171' title='bbox 648 2470 761 2531; x_wconf 87' lang='lat' dir='ltr'><strong>contra</strong></span> <span class='ocrx_word' id='word_1_172' title='bbox 794 2463 928 2530; x_wconf 83' lang='lat' dir='ltr'><strong>Sextum</strong></span> <span class='ocrx_word' id='word_1_173' title='bbox 955 2465 1148 2550; x_wconf 89' lang='lat' dir='ltr'><strong>Pompeium</strong></span> <span class='ocrx_word' id='word_1_174' title='bbox 1180 2466 1221 2530; x_wconf 91' lang='lat' dir='ltr'><strong>ab</strong></span> <span class='ocrx_word' id='word_1_175' title='bbox 1251 2467 1403 2551; x_wconf 82' lang='lat' dir='ltr'><strong>Angusto</strong></span> <span class='ocrx_word' id='word_1_176' title='bbox 1435 2467 1470 2530; x_wconf 91' lang='lat' dir='ltr'><strong>in</strong></span> 
     </span>
     <span class='ocr_line' id='line_1_20' title="bbox 189 2571 1471 2652; baseline 0.001 -15"><span class='ocrx_word' id='word_1_177' title='bbox 189 2571 307 2637; x_wconf 84' lang='lat' dir='ltr'><strong>Sicilia.</strong></span> <span class='ocrx_word' id='word_1_178' title='bbox 398 2576 454 2635; x_wconf 83' lang='lat' dir='ltr'><strong>ant</strong></span> <span class='ocrx_word' id='word_1_179' title='bbox 479 2572 559 2636; x_wconf 72' lang='lat' dir='ltr'><strong>sieta</strong></span> <span class='ocrx_word' id='word_1_180' title='bbox 584 2573 712 2652; x_wconf 64' lang='lat' dir='ltr'><strong>acaedam</strong></span> <span class='ocrx_word' id='word_1_181' title='bbox 741 2573 869 2636; x_wconf 77' lang='lat' dir='ltr'><strong>tradant</strong></span> <span class='ocrx_word' id='word_1_182' title='bbox 896 2597 993 2638; x_wconf 73' lang='lat' dir='ltr'><strong>avana</strong></span> <span class='ocrx_word' id='word_1_183' title='bbox 1011 2598 1114 2638; x_wconf 75' lang='lat' dir='ltr'><strong>ineius</strong></span> <span class='ocrx_word' id='word_1_184' title='bbox 1133 2597 1222 2638; x_wconf 72' lang='lat' dir='ltr'><strong>[nnus</strong></span> <span class='ocrx_word' id='word_1_185' title='bbox 1247 2593 1310 2636; x_wconf 83' lang='lat' dir='ltr'><strong>aaa</strong></span> <span class='ocrx_word' id='word_1_186' title='bbox 1336 2574 1373 2637; x_wconf 84' lang='lat' dir='ltr'><strong>ia</strong></span> <span class='ocrx_word' id='word_1_187' title='bbox 1399 2574 1471 2638; x_wconf 82' lang='lat' dir='ltr'><strong>aedo</strong></span> 
     </span>
     <span class='ocr_line' id='line_1_21' title="bbox 187 2677 1523 2762; baseline -0.004 -20"><span class='ocrx_word' id='word_1_188' title='bbox 187 2678 278 2756; x_wconf 79' lang='lat' dir='ltr'><strong>Ioni,</strong></span> <span class='ocrx_word' id='word_1_189' title='bbox 310 2678 363 2742; x_wconf 86' lang='lat' dir='ltr'><strong>sed</strong></span> <span class='ocrx_word' id='word_1_190' title='bbox 393 2678 429 2740; x_wconf 86' lang='lat' dir='ltr'><strong>ia</strong></span> <span class='ocrx_word' id='word_1_191' title='bbox 460 2677 527 2742; x_wconf 87' lang='lat' dir='ltr'><strong>alia</strong></span> <span class='ocrx_word' id='word_1_192' title='bbox 553 2679 588 2742; x_wconf 88' lang='lat' dir='ltr'><strong>ia</strong></span> <span class='ocrx_word' id='word_1_193' title='bbox 614 2679 682 2759; x_wconf 84' lang='lat' dir='ltr'><strong>foro</strong></span> <span class='ocrx_word' id='word_1_194' title='bbox 709 2679 846 2762; x_wconf 77' lang='lat' dir='ltr'><strong>depasti</strong></span> <span class='ocrx_word' id='word_1_195' title='bbox 873 2679 1097 2744; x_wconf 67' lang='lat' dir='ltr'><strong>introeuntibus</strong></span> <span class='ocrx_word' id='word_1_196' title='bbox 1128 2680 1171 2743; x_wconf 90' lang='lat' dir='ltr'><strong>ad</strong></span> <span class='ocrx_word' id='word_1_197' title='bbox 1202 2679 1377 2758; x_wconf 72' lang='lat' dir='ltr'><strong>ananam,</strong></span> <span class='ocrx_word' id='word_1_198' title='bbox 1407 2680 1471 2760; x_wconf 82' lang='lat' dir='ltr'><strong>soit</strong></span> <span class='ocrx_word' id='word_1_199' title='bbox 1489 2689 1523 2737; x_wconf 82' lang='lat' dir='ltr'><strong>ao</strong></span> 
     </span>
     <span class='ocr_line' id='line_1_22' title="bbox 188 2785 1470 2868; baseline 0.001 -19"><span class='ocrx_word' id='word_1_200' title='bbox 188 2785 299 2849; x_wconf 84' lang='lat' dir='ltr'><strong>bellam</strong></span> <span class='ocrx_word' id='word_1_201' title='bbox 316 2786 437 2866; x_wconf 72' lang='lat' dir='ltr'><strong>paetum</strong></span> <span class='ocrx_word' id='word_1_202' title='bbox 459 2790 487 2849; x_wconf 90' lang='lat' dir='ltr'><strong>et</strong></span> <span class='ocrx_word' id='word_1_203' title='bbox 507 2786 598 2866; x_wconf 85' lang='lat' dir='ltr'><strong>furor</strong></span> <span class='ocrx_word' id='word_1_204' title='bbox 615 2787 720 2850; x_wconf 77' lang='lat' dir='ltr'><strong>sedeas</strong></span> <span class='ocrx_word' id='word_1_205' title='bbox 741 2806 834 2868; x_wconf 81' lang='lat' dir='ltr'><strong>saper</strong></span> <span class='ocrx_word' id='word_1_206' title='bbox 851 2807 943 2850; x_wconf 81' lang='lat' dir='ltr'><strong>orma</strong></span> <span class='ocrx_word' id='word_1_207' title='bbox 961 2787 1115 2850; x_wconf 64' lang='lat' dir='ltr'><strong>meinans</strong></span> <span class='ocrx_word' id='word_1_208' title='bbox 1132 2805 1165 2850; x_wconf 88' lang='lat' dir='ltr'><strong>eo</strong></span> <span class='ocrx_word' id='word_1_209' title='bbox 1183 2785 1291 2850; x_wconf 84' lang='lat' dir='ltr'><strong>habita</strong></span> <span class='ocrx_word' id='word_1_210' title='bbox 1307 2805 1366 2868; x_wconf 82' lang='lat' dir='ltr'><strong>qao</strong></span> <span class='ocrx_word' id='word_1_211' title='bbox 1379 2789 1470 2868; x_wconf 85' lang='lat' dir='ltr'><strong>poeto</strong></span> 
     </span>
     <span class='ocr_line' id='line_1_23' title="bbox 188 2893 275 2956; baseline 0 0"><span class='ocrx_word' id='word_1_212' title='bbox 188 2893 275 2956; x_wconf 76' lang='lat' dir='ltr'><strong>dicit</strong></span> 
     </span>
    </p>

    <p class='ocr_par' dir='ltr' id='par_1_4' title="bbox 188 2997 1523 3511">
     <span class='ocr_line' id='line_1_24' title="bbox 278 2997 1470 3082; baseline 0.001 -21"><span class='ocrx_word' id='word_1_213' title='bbox 278 2997 352 3062; x_wconf 77' lang='lat'>295.</span> <span class='ocrx_word' id='word_1_214' title='bbox 383 3013 495 3062; x_wconf 69' lang='lat' dir='ltr'><strong>suave</strong></span> <span class='ocrx_word' id='word_1_215' title='bbox 515 3015 648 3063; x_wconf 76' lang='lat' dir='ltr'><strong>sanans</strong></span> <span class='ocrx_word' id='word_1_216' title='bbox 668 3016 778 3064; x_wconf 75' lang='lat' dir='ltr'><strong>avena</strong></span> <span class='ocrx_word' id='word_1_217' title='bbox 796 3016 894 3062; x_wconf 75' lang='lat' dir='ltr'><strong>nane</strong></span> <span class='ocrx_word' id='word_1_218' title='bbox 913 2998 1088 3062; x_wconf 91' lang='lat' dir='ltr'><strong>secundum</strong></span> <span class='ocrx_word' id='word_1_219' title='bbox 1108 2998 1277 3082; x_wconf 89' lang='lat' dir='ltr'><strong>antiquam</strong></span> <span class='ocrx_word' id='word_1_220' title='bbox 1295 2999 1470 3063; x_wconf 87' lang='lat' dir='ltr'><strong>licentiam.</strong></span> 
     </span>
     <span class='ocr_line' id='line_1_25' title="bbox 189 3104 1470 3192; baseline 0 -22"><span class='ocrx_word' id='word_1_221' title='bbox 189 3104 355 3170; x_wconf 87' lang='lat' dir='ltr'><strong>sciendum</strong></span> <span class='ocrx_word' id='word_1_222' title='bbox 373 3108 485 3170; x_wconf 88' lang='lat' dir='ltr'><strong>tamen</strong></span> <span class='ocrx_word' id='word_1_223' title='bbox 504 3108 554 3169; x_wconf 87' lang='lat' dir='ltr'><strong>est</strong></span> <span class='ocrx_word' id='word_1_224' title='bbox 571 3105 668 3170; x_wconf 88' lang='lat' dir='ltr'><strong>hodie</strong></span> <span class='ocrx_word' id='word_1_225' title='bbox 689 3105 746 3170; x_wconf 74' lang='lat' dir='ltr'><strong>‘in&#39;</strong></span> <span class='ocrx_word' id='word_1_226' title='bbox 767 3109 800 3169; x_wconf 91' lang='lat' dir='ltr'><strong>et</strong></span> <span class='ocrx_word' id='word_1_227' title='bbox 819 3104 903 3170; x_wconf 71' lang='lat' dir='ltr'><strong>‘sub&#39;</strong></span> <span class='ocrx_word' id='word_1_228' title='bbox 927 3109 1055 3170; x_wconf 89' lang='lat' dir='ltr'><strong>tantum</strong></span> <span class='ocrx_word' id='word_1_229' title='bbox 1076 3126 1263 3192; x_wconf 76' lang='lat' dir='ltr'><strong>communes</strong></span> <span class='ocrx_word' id='word_1_230' title='bbox 1286 3127 1356 3170; x_wconf 88' lang='lat' dir='ltr'><strong>esse</strong></span> <span class='ocrx_word' id='word_1_231' title='bbox 1378 3128 1470 3190; x_wconf 87' lang='lat' dir='ltr'><strong>prac-</strong></span> 
     </span>
     <span class='ocr_line' id='line_1_26' title="bbox 188 3199 1523 3296; baseline -0.004 -20"><span class='ocrx_word' id='word_1_232' title='bbox 188 3212 376 3295; x_wconf 85' lang='lat' dir='ltr'><strong>positiones.</strong></span> <span class='ocrx_word' id='word_1_233' title='bbox 422 3215 564 3276; x_wconf 87' lang='lat' dir='ltr'><strong>ceterum</strong></span> <span class='ocrx_word' id='word_1_234' title='bbox 589 3199 709 3296; x_wconf 78' lang='lat' dir='ltr'><strong>‘super&#39;</strong></span> <span class='ocrx_word' id='word_1_235' title='bbox 734 3217 767 3278; x_wconf 89' lang='lat' dir='ltr'><strong>et</strong></span> <span class='ocrx_word' id='word_1_236' title='bbox 792 3211 926 3277; x_wconf 83' lang='lat' dir='ltr'><strong>‘subter’</strong></span> <span class='ocrx_word' id='word_1_237' title='bbox 950 3213 1017 3276; x_wconf 86' lang='lat' dir='ltr'><strong>iarn</strong></span> <span class='ocrx_word' id='word_1_238' title='bbox 1041 3213 1243 3278; x_wconf 80' lang='lat' dir='ltr'><strong>accusativae</strong></span> <span class='ocrx_word' id='word_1_239' title='bbox 1268 3214 1356 3294; x_wconf 87' lang='lat' dir='ltr'><strong>sunt,</strong></span> <span class='ocrx_word' id='word_1_240' title='bbox 1388 3213 1472 3277; x_wconf 90' lang='lat' dir='ltr'><strong>sieut</strong></span> <span class='ocrx_word' id='word_1_241' title='bbox 1489 3221 1523 3272; x_wconf 80' lang='lat'><strong>25</strong></span> 
     </span>
     <span class='ocr_line' id='line_1_27' title="bbox 192 3318 1472 3404; baseline 0 -20"><span class='ocrx_word' id='word_1_242' title='bbox 192 3318 301 3384; x_wconf 81' lang='lat' dir='ltr'><strong>‘olam&#39;</strong></span> <span class='ocrx_word' id='word_1_243' title='bbox 326 3322 359 3383; x_wconf 87' lang='lat' dir='ltr'><strong>et</strong></span> <span class='ocrx_word' id='word_1_244' title='bbox 382 3318 489 3403; x_wconf 74' lang='lat' dir='ltr'><strong>‘post&#39;‚</strong></span> <span class='ocrx_word' id='word_1_245' title='bbox 513 3343 595 3404; x_wconf 86' lang='lat' dir='ltr'><strong>quae</strong></span> <span class='ocrx_word' id='word_1_246' title='bbox 620 3324 694 3385; x_wconf 88' lang='lat' dir='ltr'><strong>ante</strong></span> <span class='ocrx_word' id='word_1_247' title='bbox 719 3341 906 3385; x_wconf 87' lang='lat' dir='ltr'><strong>communes</strong></span> <span class='ocrx_word' id='word_1_248' title='bbox 928 3319 1073 3384; x_wconf 88' lang='lat' dir='ltr'><strong>fuerunt:</strong></span> <span class='ocrx_word' id='word_1_249' title='bbox 1096 3342 1181 3384; x_wconf 91' lang='lat' dir='ltr'><strong>nunc</strong></span> <span class='ocrx_word' id='word_1_250' title='bbox 1204 3320 1237 3383; x_wconf 91' lang='lat' dir='ltr'><strong>in</strong></span> <span class='ocrx_word' id='word_1_251' title='bbox 1265 3318 1317 3384; x_wconf 90' lang='lat' dir='ltr'><strong>his</strong></span> <span class='ocrx_word' id='word_1_252' title='bbox 1345 3322 1472 3384; x_wconf 87' lang='lat' dir='ltr'><strong>mutata</strong></span> 
     </span>
     <span class='ocr_line' id='line_1_28' title="bbox 190 3426 1470 3511; baseline 0 -21"><span class='ocrx_word' id='word_1_253' title='bbox 190 3429 308 3491; x_wconf 90' lang='lat' dir='ltr'><strong>natura</strong></span> <span class='ocrx_word' id='word_1_254' title='bbox 333 3431 389 3491; x_wconf 87' lang='lat' dir='ltr'><strong>est.</strong></span> <span class='ocrx_word' id='word_1_255' title='bbox 436 3429 532 3511; x_wconf 78' lang='lat' dir='ltr'><strong>[erpo]</strong></span> <span class='ocrx_word' id='word_1_256' title='bbox 557 3453 650 3492; x_wconf 69' lang='lat' dir='ltr'><strong>sarna</strong></span> <span class='ocrx_word' id='word_1_257' title='bbox 671 3449 732 3508; x_wconf 84' lang='lat' dir='ltr'><strong>pro</strong></span> <span class='ocrx_word' id='word_1_258' title='bbox 759 3447 865 3509; x_wconf 81' lang='lat' dir='ltr'><strong>sopra.</strong></span> <span class='ocrx_word' id='word_1_259' title='bbox 911 3432 938 3490; x_wconf 88' lang='lat' dir='ltr'><strong>et</strong></span> <span class='ocrx_word' id='word_1_260' title='bbox 965 3447 1048 3491; x_wconf 82' lang='lat' dir='ltr'><strong>aeae</strong></span> <span class='ocrx_word' id='word_1_261' title='bbox 1074 3426 1147 3491; x_wconf 85' lang='lat' dir='ltr'><strong>baec</strong></span> <span class='ocrx_word' id='word_1_262' title='bbox 1168 3426 1357 3508; x_wconf 67' lang='lat' dir='ltr'><strong>praepositio</strong></span> <span class='ocrx_word' id='word_1_263' title='bbox 1384 3446 1470 3490; x_wconf 78' lang='lat' dir='ltr'><strong>acca</strong></span> 
     </span>
    </p>
   </div>
   <div class='ocr_carea' id='block_1_3' title="bbox 190 3653 1472 3796">
    <p class='ocr_par' dir='ltr' id='par_1_5' title="bbox 190 3653 1472 3796">
     <span class='ocr_line' id='line_1_29' title="bbox 260 3653 1472 3726; baseline -0.001 -18"><span class='ocrx_word' id='word_1_264' title='bbox 260 3661 332 3710; x_wconf 81' lang='lat' dir='ltr'><strong>2an</strong></span> <span class='ocrx_word' id='word_1_265' title='bbox 351 3654 464 3725; x_wconf 79' lang='lat' dir='ltr'><strong>sua].A.</strong></span> <span class='ocrx_word' id='word_1_266' title='bbox 484 3654 522 3708; x_wconf 89' lang='lat' dir='ltr'><strong>IX</strong></span> <span class='ocrx_word' id='word_1_267' title='bbox 543 3659 593 3709; x_wconf 86' lang='grc'><strong>183</strong></span> <span class='ocrx_word' id='word_1_268' title='bbox 616 3657 626 3724; x_wconf 76' lang='grc' dir='ltr'><strong>ΙΙ</strong></span> <span class='ocrx_word' id='word_1_269' title='bbox 649 3662 664 3709; x_wconf 82' lang='grc'>3</span> <span class='ocrx_word' id='word_1_270' title='bbox 687 3654 744 3709; x_wconf 88' lang='lat' dir='ltr'><strong>iam</strong></span> <span class='ocrx_word' id='word_1_271' title='bbox 764 3654 837 3725; x_wconf 88' lang='lat' dir='ltr'><strong>tum]</strong></span> <span class='ocrx_word' id='word_1_272' title='bbox 860 3653 978 3708; x_wconf 71' lang='grc'>111111</span> <span class='ocrx_word' id='word_1_273' title='bbox 1002 3659 1053 3708; x_wconf 80' lang='grc'><strong>349</strong></span> <span class='ocrx_word' id='word_1_274' title='bbox 1076 3656 1086 3724; x_wconf 79' lang='grc' dir='ltr'><strong>ΙΙ</strong></span> <span class='ocrx_word' id='word_1_275' title='bbox 1108 3654 1250 3726; x_wconf 89' lang='lat' dir='ltr'><strong>dicuntur]</strong></span> <span class='ocrx_word' id='word_1_276' title='bbox 1271 3655 1302 3708; x_wconf 81' lang='lat' dir='ltr'><strong>A.</strong></span> <span class='ocrx_word' id='word_1_277' title='bbox 1323 3653 1373 3707; x_wconf 88' lang='lat' dir='ltr'><strong>XII</strong></span> <span class='ocrx_word' id='word_1_278' title='bbox 1392 3658 1443 3708; x_wconf 75' lang='grc'><strong>846</strong></span> <span class='ocrx_word' id='word_1_279' title='bbox 1462 3653 1472 3724; x_wconf 76' lang='lat' dir='ltr'><strong>{l</strong></span> 
     </span>
     <span class='ocr_line' id='line_1_30' title="bbox 190 3725 1311 3796; baseline 0.001 -16"><span class='ocrx_word' id='word_1_280' title='bbox 190 3732 225 3780; x_wconf 77' lang='lat'><strong>24</strong></span> <span class='ocrx_word' id='word_1_281' title='bbox 244 3725 388 3782; x_wconf 87' lang='lat' dir='ltr'><strong>sciendum</strong></span> <span class='ocrx_word' id='word_1_282' title='bbox 407 3732 502 3780; x_wconf 88' lang='lat' dir='ltr'><strong>tamen</strong></span> <span class='ocrx_word' id='word_1_283' title='bbox 520 3727 564 3781; x_wconf 86' lang='lat' dir='ltr'><strong>eet</strong></span> <span class='ocrx_word' id='word_1_284' title='bbox 582 3742 604 3781; x_wconf 89' lang='lat' dir='ltr'><strong>e.</strong></span> <span class='ocrx_word' id='word_1_285' title='bbox 621 3743 647 3794; x_wconf 89' lang='lat' dir='ltr'><strong>q.</strong></span> <span class='ocrx_word' id='word_1_286' title='bbox 663 3725 696 3796; x_wconf 79' lang='lat' dir='ltr'><strong>s]</strong></span> <span class='ocrx_word' id='word_1_287' title='bbox 718 3725 794 3781; x_wconf 83' lang='lat' dir='ltr'><strong>Serv.</strong></span> <span class='ocrx_word' id='word_1_288' title='bbox 814 3742 913 3781; x_wconf 89' lang='lat' dir='ltr'><strong>comm.</strong></span> <span class='ocrx_word' id='word_1_289' title='bbox 931 3725 962 3778; x_wconf 92' lang='lat' dir='ltr'><strong>in</strong></span> <span class='ocrx_word' id='word_1_290' title='bbox 981 3725 1051 3779; x_wconf 90' lang='lat' dir='ltr'><strong>Don.</strong></span> <span class='ocrx_word' id='word_1_291' title='bbox 1071 3743 1098 3795; x_wconf 88' lang='lat' dir='ltr'><strong>p.</strong></span> <span class='ocrx_word' id='word_1_292' title='bbox 1118 3731 1179 3794; x_wconf 78' lang='lat'><strong>419,</strong></span> <span class='ocrx_word' id='word_1_293' title='bbox 1198 3731 1232 3782; x_wconf 82' lang='lat'><strong>26</strong></span> <span class='ocrx_word' id='word_1_294' title='bbox 1252 3743 1311 3794; x_wconf 83' lang='lat' dir='ltr'><strong>sqq.</strong></span> 
     </span>
    </p>
   </div>
   <div class='ocr_carea' id='block_1_4' title="bbox 192 3855 404 3862">
    <p class='ocr_par' dir='ltr' id='par_1_6' title="bbox 192 3855 404 3862">
     <span class='ocr_line' id='line_1_31' title="bbox 192 3855 404 3862; baseline 0 0"><span class='ocrx_word' id='word_1_295' title='bbox 192 3855 404 3862; x_wconf 70' lang='lat'><em>—-—-—-—-.</em></span> 
     </span>
    </p>
   </div>
   <div class='ocr_carea' id='block_1_5' title="bbox 168 3937 1473 5006">
    <p class='ocr_par' dir='ltr' id='par_1_7' title="bbox 188 3937 1473 4792">
     <span class='ocr_line' id='line_1_32' title="bbox 261 3937 1471 4010; baseline -0.001 -18"><span class='ocrx_word' id='word_1_296' title='bbox 261 3946 275 3992; x_wconf 91' lang='lat'>1</span> <span class='ocrx_word' id='word_1_297' title='bbox 303 3941 340 3994; x_wconf 86' lang='lat' dir='ltr'><strong>ad</strong></span> <span class='ocrx_word' id='word_1_298' title='bbox 358 3957 381 3994; x_wconf 89' lang='lat' dir='ltr'><strong>o.</strong></span> <span class='ocrx_word' id='word_1_299' title='bbox 403 3945 454 3993; x_wconf 77' lang='lat'><strong>293</strong></span> <span class='ocrx_word' id='word_1_300' title='bbox 473 3939 569 4010; x_wconf 87' lang='lat' dir='ltr'><strong>Dirae]</strong></span> <span class='ocrx_word' id='word_1_301' title='bbox 590 3955 709 4008; x_wconf 89' lang='lat' dir='ltr'><strong>magnae</strong></span> <span class='ocrx_word' id='word_1_302' title='bbox 809 3939 920 4009; x_wconf 88' lang='lat' dir='ltr'><strong>cupido.</strong></span> <span class='ocrx_word' id='word_1_303' title='bbox 957 3937 1156 4010; x_wconf 74' lang='lat' dir='ltr'><strong>compagibus]</strong></span> <span class='ocrx_word' id='word_1_304' title='bbox 1184 3938 1317 4008; x_wconf 85' lang='lat' dir='ltr'><strong>ambages</strong></span> <span class='ocrx_word' id='word_1_305' title='bbox 1344 3940 1373 3992; x_wconf 87' lang='lat' dir='ltr'><strong>et</strong></span> <span class='ocrx_word' id='word_1_306' title='bbox 1397 3953 1471 3992; x_wconf 87' lang='lat' dir='ltr'><strong>com·</strong></span> 
     </span>
     <span class='ocr_line' id='line_1_33' title="bbox 188 4009 1472 4080; baseline -0.004 -14"><span class='ocrx_word' id='word_1_307' title='bbox 188 4027 276 4080; x_wconf 76' lang='lat' dir='ltr'><strong>peges</strong></span> <span class='ocrx_word' id='word_1_308' title='bbox 378 4027 461 4066; x_wconf 89' lang='lat' dir='ltr'><strong>nemo</strong></span> <span class='ocrx_word' id='word_1_309' title='bbox 486 4010 597 4079; x_wconf 87' lang='lat' dir='ltr'><strong>penitus</strong></span> <span class='ocrx_word' id='word_1_310' title='bbox 621 4009 698 4064; x_wconf 88' lang='lat' dir='ltr'><strong>dicit.</strong></span> <span class='ocrx_word' id='word_1_311' title='bbox 727 4009 755 4062; x_wconf 93' lang='lat' dir='ltr'><strong><em>P</em></strong></span> <span class='ocrx_word' id='word_1_312' title='bbox 775 4013 785 4079; x_wconf 81' lang='grc' dir='ltr'><strong>ΙΙ</strong></span> <span class='ocrx_word' id='word_1_313' title='bbox 808 4017 824 4065; x_wconf 87' lang='grc'>3</span> <span class='ocrx_word' id='word_1_314' title='bbox 850 4010 962 4080; x_wconf 85' lang='lat' dir='ltr'><strong>relligio</strong></span> <span class='ocrx_word' id='word_1_315' title='bbox 982 4009 1005 4063; x_wconf 82' lang='grc'><strong><em>0</em></strong></span> <span class='ocrx_word' id='word_1_316' title='bbox 1025 4013 1036 4080; x_wconf 88' lang='grc' dir='ltr'><strong>ΙΙ</strong></span> <span class='ocrx_word' id='word_1_317' title='bbox 1063 4017 1080 4064; x_wconf 83' lang='grc'>4</span> <span class='ocrx_word' id='word_1_318' title='bbox 1106 4028 1268 4064; x_wconf 75' lang='lat' dir='ltr'><strong>oonrsnmvs</strong></span> <span class='ocrx_word' id='word_1_319' title='bbox 1294 4009 1363 4062; x_wconf 85' lang='lat' dir='ltr'><strong>KH</strong></span> <span class='ocrx_word' id='word_1_320' title='bbox 1381 4011 1392 4076; x_wconf 89' lang='grc' dir='ltr'><strong>ΙΙ</strong></span> <span class='ocrx_word' id='word_1_321' title='bbox 1414 4026 1472 4062; x_wconf 90' lang='lat' dir='ltr'><strong>am·</strong></span> 
     </span>
     <span class='ocr_line' id='line_1_34' title="bbox 208 4081 1473 4152; baseline -0.002 -16"><span class='ocrx_word' id='word_1_322' title='bbox 208 4081 307 4152; x_wconf 82' lang='lat' dir='ltr'><strong>agibnr</strong></span> <span class='ocrx_word' id='word_1_323' title='bbox 333 4097 483 4152; x_wconf 86' lang='lat' dir='ltr'><strong>compages</strong></span> <span class='ocrx_word' id='word_1_324' title='bbox 501 4081 528 4134; x_wconf 91' lang='lat' dir='ltr'><em>B</em></span> <span class='ocrx_word' id='word_1_325' title='bbox 564 4097 722 4150; x_wconf 75' lang='lat' dir='ltr'><strong>compages·</strong></span> <span class='ocrx_word' id='word_1_326' title='bbox 741 4082 885 4151; x_wconf 85' lang='lat' dir='ltr'><strong>compagis</strong></span> <span class='ocrx_word' id='word_1_327' title='bbox 909 4081 1052 4137; x_wconf 80' lang='lat' dir='ltr'><strong>Leideasis</strong></span> <span class='ocrx_word' id='word_1_328' title='bbox 1074 4082 1121 4136; x_wconf 82' lang='lat' dir='ltr'><strong>sot</strong></span> <span class='ocrx_word' id='word_1_329' title='bbox 1144 4081 1327 4135; x_wconf 73' lang='lat' dir='ltr'><strong>testimoniam</strong></span> <span class='ocrx_word' id='word_1_330' title='bbox 1348 4081 1473 4148; x_wconf 80' lang='lat' dir='ltr'><strong>praefert</strong></span> 
     </span>
     <span class='ocr_line' id='line_1_35' title="bbox 188 4100 1472 4235; baseline -0.001 -30"><span class='ocrx_word' id='word_1_331' title='bbox 188 4100 371 4208; x_wconf 69' lang='lat' dir='ltr'><strong>iteamaaaae</strong></span> <span class='ocrx_word' id='word_1_332' title='bbox 392 4153 403 4221; x_wconf 79' lang='lat' dir='ltr'><strong>ll</strong></span> <span class='ocrx_word' id='word_1_333' title='bbox 426 4159 442 4206; x_wconf 82' lang='grc'><strong>6</strong></span> <span class='ocrx_word' id='word_1_334' title='bbox 461 4152 601 4206; x_wconf 79' lang='lat' dir='ltr'><strong>dIceretur</strong></span> <span class='ocrx_word' id='word_1_335' title='bbox 620 4152 657 4205; x_wconf 89' lang='lat' dir='ltr'><strong><em>M</em></strong></span> <span class='ocrx_word' id='word_1_336' title='bbox 669 4153 708 4220; x_wconf 73' lang='lat' dir='ltr'><strong>la</strong></span> <span class='ocrx_word' id='word_1_337' title='bbox 728 4169 795 4222; x_wconf 88' lang='lat' dir='ltr'><strong>ergo</strong></span> <span class='ocrx_word' id='word_1_338' title='bbox 814 4169 952 4223; x_wconf 87' lang='lat' dir='ltr'><strong>compago</strong></span> <span class='ocrx_word' id='word_1_339' title='bbox 972 4151 1116 4235; x_wconf 86' lang='lat' dir='ltr'><strong>compagis</strong></span> <span class='ocrx_word' id='word_1_340' title='bbox 1135 4152 1163 4205; x_wconf 87' lang='lat' dir='ltr'><strong><em>P</em></strong></span> <span class='ocrx_word' id='word_1_341' title='bbox 1176 4153 1292 4219; x_wconf 78' lang='lat' dir='ltr'><strong>fortasse</strong></span> <span class='ocrx_word' id='word_1_342' title='bbox 1311 4167 1378 4220; x_wconf 84' lang='lat' dir='ltr'><strong>crgo</strong></span> <span class='ocrx_word' id='word_1_343' title='bbox 1398 4166 1472 4205; x_wconf 88' lang='lat' dir='ltr'><strong>com·</strong></span> 
     </span>
     <span class='ocr_line' id='line_1_36' title="bbox 188 4221 1472 4307; baseline -0.003 -29"><span class='ocrx_word' id='word_1_344' title='bbox 188 4241 276 4294; x_wconf 81' lang='lat' dir='ltr'><strong>pagos</strong></span> <span class='ocrx_word' id='word_1_345' title='bbox 304 4240 441 4307; x_wconf 77' lang='lat' dir='ltr'><strong>compago</strong></span> <span class='ocrx_word' id='word_1_346' title='bbox 470 4222 613 4294; x_wconf 84' lang='lat' dir='ltr'><strong>compagis</strong></span> <span class='ocrx_word' id='word_1_347' title='bbox 636 4223 818 4306; x_wconf 27' lang='lat' dir='ltr'><strong>lucompago]</strong></span> <span class='ocrx_word' id='word_1_348' title='bbox 848 4241 986 4294; x_wconf 88' lang='lat' dir='ltr'><strong>compago</strong></span> <span class='ocrx_word' id='word_1_349' title='bbox 1012 4241 1056 4278; x_wconf 87' lang='lat' dir='ltr'><strong>ms</strong></span> <span class='ocrx_word' id='word_1_350' title='bbox 1083 4224 1111 4276; x_wconf 89' lang='lat' dir='ltr'><em>B</em></span> <span class='ocrx_word' id='word_1_351' title='bbox 1132 4227 1143 4294; x_wconf 86' lang='grc' dir='ltr'><strong>ΙΙ</strong></span> <span class='ocrx_word' id='word_1_352' title='bbox 1161 4223 1213 4306; x_wconf 76' lang='lat' dir='ltr'><strong>¹sod</strong></span> <span class='ocrx_word' id='word_1_353' title='bbox 1242 4221 1417 4306; x_wconf 78' lang='lat' dir='ltr'><strong>ccmpaginis</strong></span> <span class='ocrx_word' id='word_1_354' title='bbox 1431 4222 1472 4304; x_wconf 38' lang='grc' dir='ltr'><strong>,Β</strong></span> 
     </span>
     <span class='ocr_line' id='line_1_37' title="bbox 188 4292 1472 4435; baseline -0.003 -13"><span class='ocrx_word' id='word_1_355' title='bbox 188 4312 333 4422; x_wconf 67' lang='lat' dir='ltr'><strong>oscos</strong></span> <span class='ocrx_word' id='word_1_356' title='bbox 351 4295 823 4435; x_wconf 56' lang='lat' dir='ltr'><strong>inessentialitate</strong></span> <span class='ocrx_word' id='word_1_357' title='bbox 841 4295 883 4420; x_wconf 68' lang='lat' dir='ltr'><strong>ii</strong></span> <span class='ocrx_word' id='word_1_358' title='bbox 902 4292 1472 4435; x_wconf 58' lang='lat' dir='ltr'><strong>l,tuttttttttttttatttt</strong></span> 
     </span>
     <span class='ocr_line' id='line_1_38' title="bbox 188 4436 1473 4507; baseline -0.001 -16"><span class='ocrx_word' id='word_1_359' title='bbox 188 4437 290 4507; x_wconf 89' lang='lat' dir='ltr'><strong>pagine</strong></span> <span class='ocrx_word' id='word_1_360' title='bbox 317 4437 423 4492; x_wconf 86' lang='lat' dir='ltr'><strong>cerae’.</strong></span> <span class='ocrx_word' id='word_1_361' title='bbox 461 4436 626 4507; x_wconf 83' lang='lat' dir='ltr'><strong>compagine</strong></span> <span class='ocrx_word' id='word_1_362' title='bbox 653 4454 671 4490; x_wconf 88' lang='lat' dir='ltr'><strong>a</strong></span> <span class='ocrx_word' id='word_1_363' title='bbox 696 4437 820 4505; x_wconf 84' lang='lat' dir='ltr'><strong>genitivo</strong></span> <span class='ocrx_word' id='word_1_364' title='bbox 844 4437 1018 4507; x_wconf 87' lang='lat' dir='ltr'><strong>compaginis</strong></span> <span class='ocrx_word' id='word_1_365' title='bbox 1041 4453 1102 4491; x_wconf 86' lang='lat' dir='ltr'><strong>esse</strong></span> <span class='ocrx_word' id='word_1_366' title='bbox 1129 4436 1258 4492; x_wconf 85' lang='lat' dir='ltr'><strong>arbitror.</strong></span> <span class='ocrx_word' id='word_1_367' title='bbox 1287 4436 1317 4489; x_wconf 91' lang='lat' dir='ltr'><em>D</em></span> <span class='ocrx_word' id='word_1_368' title='bbox 1340 4437 1350 4504; x_wconf 88' lang='lat' dir='ltr'><strong>l</strong></span> <span class='ocrx_word' id='word_1_369' title='bbox 1374 4441 1406 4488; x_wconf 86' lang='lat'><strong>11</strong></span> <span class='ocrx_word' id='word_1_370' title='bbox 1435 4437 1473 4490; x_wconf 84' lang='lat' dir='ltr'><strong>od</strong></span> 
     </span>
     <span class='ocr_line' id='line_1_39' title="bbox 188 4507 1471 4579; baseline -0.002 -17"><span class='ocrx_word' id='word_1_371' title='bbox 188 4527 211 4564; x_wconf 86' lang='lat' dir='ltr'><strong>o.</strong></span> <span class='ocrx_word' id='word_1_372' title='bbox 232 4515 285 4563; x_wconf 80' lang='lat'><strong>244</strong></span> <span class='ocrx_word' id='word_1_373' title='bbox 303 4509 377 4563; x_wconf 88' lang='lat' dir='ltr'><strong>Belli</strong></span> <span class='ocrx_word' id='word_1_374' title='bbox 395 4508 505 4579; x_wconf 85' lang='lat' dir='ltr'><strong>portae]</strong></span> <span class='ocrx_word' id='word_1_375' title='bbox 525 4508 585 4562; x_wconf 91' lang='lat' dir='ltr'><strong>lani</strong></span> <span class='ocrx_word' id='word_1_376' title='bbox 604 4508 708 4579; x_wconf 86' lang='lat' dir='ltr'><strong>gemini</strong></span> <span class='ocrx_word' id='word_1_377' title='bbox 732 4524 804 4576; x_wconf 89' lang='lat' dir='ltr'><strong>quae</strong></span> <span class='ocrx_word' id='word_1_378' title='bbox 830 4508 905 4563; x_wconf 88' lang='lat' dir='ltr'><strong>bello</strong></span> <span class='ocrx_word' id='word_1_379' title='bbox 932 4508 1143 4578; x_wconf 86' lang='lat' dir='ltr'><strong>aperiebantur,</strong></span> <span class='ocrx_word' id='word_1_380' title='bbox 1169 4523 1239 4576; x_wconf 86' lang='lat' dir='ltr'><strong>pace</strong></span> <span class='ocrx_word' id='word_1_381' title='bbox 1262 4507 1471 4561; x_wconf 87' lang='lat' dir='ltr'><strong>claudebantur.</strong></span> 
     </span>
     <span class='ocr_line' id='line_1_40' title="bbox 190 4576 1471 4650; baseline -0.001 -18"><span class='ocrx_word' id='word_1_382' title='bbox 190 4579 277 4634; x_wconf 77' lang='lat' dir='ltr'><strong>Furor</strong></span> <span class='ocrx_word' id='word_1_383' title='bbox 295 4579 399 4650; x_wconf 86' lang='lat' dir='ltr'><strong>impius</strong></span> <span class='ocrx_word' id='word_1_384' title='bbox 416 4581 502 4650; x_wconf 75' lang='lat' dir='ltr'><strong>intus]</strong></span> <span class='ocrx_word' id='word_1_385' title='bbox 523 4580 570 4634; x_wconf 92' lang='lat' dir='ltr'><strong>nel</strong></span> <span class='ocrx_word' id='word_1_386' title='bbox 587 4582 620 4633; x_wconf 90' lang='lat' dir='ltr'><strong>ut</strong></span> <span class='ocrx_word' id='word_1_387' title='bbox 638 4579 764 4649; x_wconf 87' lang='lat' dir='ltr'><strong>superius</strong></span> <span class='ocrx_word' id='word_1_388' title='bbox 783 4577 889 4633; x_wconf 87' lang='lat' dir='ltr'><strong>dictum</strong></span> <span class='ocrx_word' id='word_1_389' title='bbox 909 4581 953 4634; x_wconf 85' lang='lat' dir='ltr'><strong>est</strong></span> <span class='ocrx_word' id='word_1_390' title='bbox 970 4580 1084 4650; x_wconf 85' lang='lat' dir='ltr'><strong>propter</strong></span> <span class='ocrx_word' id='word_1_391' title='bbox 1101 4579 1178 4634; x_wconf 85' lang='lat' dir='ltr'><strong>bella</strong></span> <span class='ocrx_word' id='word_1_392' title='bbox 1196 4577 1293 4632; x_wconf 88' lang='lat' dir='ltr'><strong>ciuilia</strong></span> <span class='ocrx_word' id='word_1_393' title='bbox 1311 4621 1317 4632; x_wconf 93' lang='lat'>.</span> <span class='ocrx_word' id='word_1_394' title='bbox 1334 4621 1340 4631; x_wconf 91' lang='lat'>.</span> <span class='ocrx_word' id='word_1_395' title='bbox 1356 4620 1362 4632; x_wconf 89' lang='lat'><strong>.</strong></span> <span class='ocrx_word' id='word_1_396' title='bbox 1380 4576 1411 4632; x_wconf 85' lang='lat' dir='ltr'><strong>in</strong></span> <span class='ocrx_word' id='word_1_397' title='bbox 1430 4577 1471 4631; x_wconf 83' lang='lat' dir='ltr'><strong>Si·</strong></span> 
     </span>
     <span class='ocr_line' id='line_1_41' title="bbox 189 4648 1470 4720; baseline -0.002 -16"><span class='ocrx_word' id='word_1_398' title='bbox 189 4651 260 4705; x_wconf 83' lang='lat' dir='ltr'><strong>cilia</strong></span> <span class='ocrx_word' id='word_1_399' title='bbox 297 4651 348 4704; x_wconf 89' lang='lat' dir='ltr'><strong>alii</strong></span> <span class='ocrx_word' id='word_1_400' title='bbox 365 4651 444 4706; x_wconf 83' lang='lat' dir='ltr'><strong>furor</strong></span> <span class='ocrx_word' id='word_1_401' title='bbox 465 4650 568 4720; x_wconf 87' lang='lat' dir='ltr'><strong>impius</strong></span> <span class='ocrx_word' id='word_1_402' title='bbox 587 4651 663 4704; x_wconf 82' lang='lat' dir='ltr'><strong>intus</strong></span> <span class='ocrx_word' id='word_1_403' title='bbox 688 4667 744 4705; x_wconf 91' lang='lat' dir='ltr'><strong>non</strong></span> <span class='ocrx_word' id='word_1_404' title='bbox 767 4649 797 4703; x_wconf 91' lang='lat' dir='ltr'><strong>in</strong></span> <span class='ocrx_word' id='word_1_405' title='bbox 821 4651 890 4705; x_wconf 84' lang='lat' dir='ltr'><strong>aeds</strong></span> <span class='ocrx_word' id='word_1_406' title='bbox 910 4651 970 4704; x_wconf 87' lang='lat' dir='ltr'><strong>lani</strong></span> <span class='ocrx_word' id='word_1_407' title='bbox 990 4693 1040 4704; x_wconf 86' lang='lat'><strong>...</strong></span> <span class='ocrx_word' id='word_1_408' title='bbox 1059 4652 1144 4718; x_wconf 88' lang='lat' dir='ltr'><strong>poeta</strong></span> <span class='ocrx_word' id='word_1_409' title='bbox 1162 4649 1242 4704; x_wconf 79' lang='lat' dir='ltr'><strong>dlxit.</strong></span> <span class='ocrx_word' id='word_1_410' title='bbox 1261 4648 1289 4701; x_wconf 93' lang='lat' dir='ltr'><em>P</em></span> <span class='ocrx_word' id='word_1_411' title='bbox 1308 4649 1318 4717; x_wconf 75' lang='lat' dir='ltr'><strong>fl</strong></span> <span class='ocrx_word' id='word_1_412' title='bbox 1343 4655 1374 4702; x_wconf 80' lang='lat'><strong>12</strong></span> <span class='ocrx_word' id='word_1_413' title='bbox 1393 4651 1470 4718; x_wconf 88' lang='lat' dir='ltr'><strong>pete·</strong></span> 
     </span>
     <span class='ocr_line' id='line_1_42' title="bbox 190 4719 1472 4792; baseline -0.003 -16"><span class='ocrx_word' id='word_1_414' title='bbox 190 4723 275 4777; x_wconf 88' lang='lat' dir='ltr'><strong>fiebat</strong></span> <span class='ocrx_word' id='word_1_415' title='bbox 293 4723 317 4775; x_wconf 80' lang='lat' dir='ltr'><strong>(I</strong></span> <span class='ocrx_word' id='word_1_416' title='bbox 336 4725 346 4792; x_wconf 72' lang='lat' dir='ltr'><strong>l</strong></span> <span class='ocrx_word' id='word_1_417' title='bbox 370 4729 403 4776; x_wconf 83' lang='lat'><strong>14</strong></span> <span class='ocrx_word' id='word_1_418' title='bbox 424 4739 453 4777; x_wconf 88' lang='lat' dir='ltr'><strong>se</strong></span> <span class='ocrx_word' id='word_1_419' title='bbox 472 4721 602 4776; x_wconf 87' lang='lat' dir='ltr'><strong>euntibus</strong></span> <span class='ocrx_word' id='word_1_420' title='bbox 624 4721 793 4776; x_wconf 81' lang='lat' dir='ltr'><strong>Maaoicias:</strong></span> <span class='ocrx_word' id='word_1_421' title='bbox 813 4721 991 4790; x_wconf 86' lang='lat' dir='ltr'><strong>sequentibus</strong></span> <span class='ocrx_word' id='word_1_422' title='bbox 1012 4721 1035 4775; x_wconf 82' lang='lat'><em>0</em></span> <span class='ocrx_word' id='word_1_423' title='bbox 1045 4725 1055 4791; x_wconf 78' lang='lat' dir='ltr'><strong>l</strong></span> <span class='ocrx_word' id='word_1_424' title='bbox 1071 4727 1103 4775; x_wconf 85' lang='grc'><strong>16</strong></span> <span class='ocrx_word' id='word_1_425' title='bbox 1122 4739 1210 4775; x_wconf 74' lang='lat' dir='ltr'><strong>rumve</strong></span> <span class='ocrx_word' id='word_1_426' title='bbox 1228 4720 1330 4788; x_wconf 71' lang='lat' dir='ltr'>K1120</span> <span class='ocrx_word' id='word_1_427' title='bbox 1350 4719 1472 4774; x_wconf 87' lang='lat' dir='ltr'><strong>austusti</strong></span> 
     </span>
    </p>

    <p class='ocr_par' dir='ltr' id='par_1_8' title="bbox 168 4791 1472 5006">
     <span class='ocr_line' id='line_1_43' title="bbox 168 4791 1472 4864; baseline -0.001 -17"><span class='ocrx_word' id='word_1_428' title='bbox 168 4794 386 4849; x_wconf 76' lang='lat' dir='ltr'><strong>&#39;introiuntibus</strong></span> <span class='ocrx_word' id='word_1_429' title='bbox 407 4794 462 4864; x_wconf 79' lang='lat' dir='ltr'><strong>Pu</strong></span> <span class='ocrx_word' id='word_1_430' title='bbox 484 4800 517 4847; x_wconf 78' lang='lat'><strong>21</strong></span> <span class='ocrx_word' id='word_1_431' title='bbox 538 4793 683 4848; x_wconf 82' lang='lat' dir='ltr'><strong>devinctus</strong></span> <span class='ocrx_word' id='word_1_432' title='bbox 703 4791 737 4847; x_wconf 84' lang='lat'><strong>0.-</strong></span> <span class='ocrx_word' id='word_1_433' title='bbox 764 4792 858 4847; x_wconf 84' lang='lat' dir='ltr'><strong>aeneir</strong></span> <span class='ocrx_word' id='word_1_434' title='bbox 882 4793 992 4847; x_wconf 85' lang='lat' dir='ltr'><strong>uinctus</strong></span> <span class='ocrx_word' id='word_1_435' title='bbox 1017 4794 1044 4846; x_wconf 94' lang='lat' dir='ltr'><strong><em>P</em></strong></span> <span class='ocrx_word' id='word_1_436' title='bbox 1071 4793 1176 4846; x_wconf 82' lang='lat' dir='ltr'><strong>catenis</strong></span> <span class='ocrx_word' id='word_1_437' title='bbox 1199 4791 1341 4846; x_wconf 86' lang='lat' dir='ltr'><strong>revinctus</strong></span> <span class='ocrx_word' id='word_1_438' title='bbox 1362 4791 1472 4846; x_wconf 75' lang='lat' dir='ltr'><strong>Masai-</strong></span> 
     </span>
     <span class='ocr_line' id='line_1_44' title="bbox 190 4861 1400 4934; baseline -0.002 -16"><span class='ocrx_word' id='word_1_439' title='bbox 190 4867 247 4918; x_wconf 81' lang='lat' dir='ltr'><strong>cios</strong></span> <span class='ocrx_word' id='word_1_440' title='bbox 269 4867 279 4934; x_wconf 81' lang='grc' dir='ltr'><strong>ΙΙ</strong></span> <span class='ocrx_word' id='word_1_441' title='bbox 301 4864 380 4921; x_wconf 86' lang='lat' dir='ltr'><strong>abitu</strong></span> <span class='ocrx_word' id='word_1_442' title='bbox 399 4866 455 4934; x_wconf 84' lang='lat' dir='ltr'><strong>Pl</strong></span> <span class='ocrx_word' id='word_1_443' title='bbox 486 4871 519 4919; x_wconf 79' lang='lat'><strong>25</strong></span> <span class='ocrx_word' id='word_1_444' title='bbox 539 4865 712 4920; x_wconf 87' lang='lat' dir='ltr'><strong>accustinom</strong></span> <span class='ocrx_word' id='word_1_445' title='bbox 731 4863 764 4916; x_wconf 89' lang='lat' dir='ltr'><strong><em>K</em></strong></span> <span class='ocrx_word' id='word_1_446' title='bbox 783 4867 794 4932; x_wconf 75' lang='grc' dir='ltr'><strong>ΙΙ</strong></span> <span class='ocrx_word' id='word_1_447' title='bbox 816 4869 851 4920; x_wconf 81' lang='lat'><strong>26</strong></span> <span class='ocrx_word' id='word_1_448' title='bbox 874 4867 960 4920; x_wconf 87' lang='lat' dir='ltr'><strong>antea</strong></span> <span class='ocrx_word' id='word_1_449' title='bbox 978 4864 1049 4918; x_wconf 65' lang='grc' dir='ltr'><strong>ΕΜ</strong></span> <span class='ocrx_word' id='word_1_450' title='bbox 1069 4866 1080 4932; x_wconf 81' lang='grc' dir='ltr'><strong>ΙΙ</strong></span> <span class='ocrx_word' id='word_1_451' title='bbox 1101 4878 1262 4919; x_wconf 87' lang='lat' dir='ltr'><strong>communes</strong></span> <span class='ocrx_word' id='word_1_452' title='bbox 1287 4861 1400 4916; x_wconf 84' lang='lat' dir='ltr'><strong>luerunt</strong></span> 
     </span>
     <span class='ocr_line' id='line_1_45' title="bbox 191 4939 530 5006; baseline 0.009 -17"><span class='ocrx_word' id='word_1_453' title='bbox 191 4940 288 4992; x_wconf 88' lang='lat' dir='ltr'><strong>natura</strong></span> <span class='ocrx_word' id='word_1_454' title='bbox 306 4940 350 4992; x_wconf 89' lang='lat' dir='ltr'><strong>est</strong></span> <span class='ocrx_word' id='word_1_455' title='bbox 368 4939 378 4992; x_wconf 87' lang='lat' dir='ltr'><strong>t</strong></span> <span class='ocrx_word' id='word_1_456' title='bbox 395 4939 427 4990; x_wconf 81' lang='lat' dir='ltr'><strong>ia</strong></span> <span class='ocrx_word' id='word_1_457' title='bbox 445 4953 530 5006; x_wconf 79' lang='lat' dir='ltr'><strong>marp.</strong></span> 
     </span>
    </p>
   </div>
   <div class='ocr_carea' id='block_1_6' title="bbox 0 0 1811 5552">
    <p class='ocr_par' dir='ltr' id='par_1_9' title="bbox 0 0 1811 5552">
     <span class='ocr_line' id='line_1_46' title="bbox 0 0 1811 5552; baseline 0 0"><span class='ocrx_word' id='word_1_458' title='bbox 0 0 1811 5552; x_wconf 95' lang='lat' dir='ltr'><strong> </strong></span> 
     </span>
    </p>
   </div>
  </div>
 </body>
</html>
