3638 5546
536 433 648 488 COMM.
668 435 707 488 ΙΝ
726 434 833 489 VERG.
852 434 935 490 AEN.
955 435 1002 489 Ill.
1024 441 1170 491 roe-108.
1424 437 1487 501 361

305 597 378 662 108.
416 622 547 663 screare
574 597 611 662 de
639 596 694 662 hoc
721 597 830 677 tabula
857 598 968 679 duplex
996 603 1054 675 est;
1087 619 1162 662 narn
1191 605 1220 664 et
1248 601 1284 664 de
1308 603 1491 684 parentibus

216 705 282 768 eius
304 703 466 784 dupliciter
489 705 631 768 traditur.
664 704 721 768 alii
742 705 970 786 enim†eureas
991 711 1021 770 et
1041 705 1119 770 Idae
1140 707 1300 793 nymphae,
1322 710 1389 792 alii,
1411 712 1491 775 inter

213 830 289 892 quos
310 814 339 873 et
362 809 488 892 Tropus,
510 810 699 876 Scamandri
719 811 822 893 filium
844 813 981 877 tradunt.
1021 814 1076 894 qui
1097 812 1287 879 Seancander
1309 837 1378 880 eum
1401 816 1491 882 Orela

212 916 339 999 frumein
362 917 470 998 iuopc'a
493 917 653 994 laboraret,
676 937 746 982 cnm
762 923 855 1000 porto
873 920 964 1000 tertia
979 920 1088 1001 populi
1105 920 1149 982 ad
1165 924 1284 985 calmas
1301 923 1384 988 sedes
1401 943 1491 1005 arrae·

213 1023 326 1088 rendae
344 1022 499 1104 profectus
521 1027 572 1107 est,
595 1023 634 1086 ab
647 1024 794 1105 Apolline
816 1025 958 1103 monitore,
982 1025 1027 1090 rbi
1044 1045 1113 1089 enm
1130 1025 1309 1091 habiturum
1326 1031 1416 1114 sedes,
1438 1030 1525 1094 ubis

214 1133 305 1194 nocta
326 1149 347 1192 a
366 1130 525 1212 lampenis
543 1135 736 1212 appupmtm
753 1135 834 1196 esset.
866 1151 936 1196 cnm
955 1133 998 1196 od
1010 1131 1181 1214 Plrppiam
1198 1134 1327 1199 uenisset
1343 1140 1372 1200 el
1388 1129 1491 1201 castra

212 1236 370 1318 posuisset,
389 1241 480 1300 noctu
498 1255 600 1300 mures
617 1257 747 1301 arcuum
764 1257 871 1303 mneos
888 1243 917 1302 et
934 1239 1104 1303 loramento
1122 1259 1282 1304 morum
1300 1241 1490 1308 adroserunt.

215 1341 406 1407 Scamander
428 1343 482 1424 has
504 1343 723 1426 interpretatus
745 1343 842 1409 hosms
864 1365 926 1409 esse
949 1346 1123 1428 mrrpenas,
1146 1346 1182 1410 in
1204 1345 1282 1411 Idae
1304 1351 1417 1415 montis
1439 1372 1490 1414 ra·

178 1435 186 1449 ’
215 1451 333 1515 diczhecs
359 1447 502 1531 aedificia
528 1449 692 1514 collocavit.
738 1452 792 1533 qui
819 1471 888 1514 ann
915 1453 1061 1516 adversus
1084 1452 1241 1534 Bebrycas
1262 1455 1412 1535 finitimos
1435 1457 1491 1524 hel·

216 1558 281 1622 lum
299 1561 427 1639 peraet,
454 1557 550 1621 uictor
571 1559 605 1621 in
629 1555 758 1622 Xantho
780 1557 909 1638 (lumine
931 1558 1037 1639 lapsus
1058 1579 1122 1623 nan
1144 1562 1320 1640 conparuit,
1349 1565 1404 1644 qui
1423 1569 1493 1646 post
1512 1578 1544 1625 10

215 1683 236 1728 a
259 1661 449 1728 &canabis
475 1663 511 1727 in
537 1663 681 1728 moran
706 1663 787 1746 repis
813 1664 864 1727 sni
885 1662 1076 1728 Scamander
1098 1666 1271 1747 appellatus
1292 1672 1348 1753 est,
1370 1670 1492 1751 filiaque

218 1772 283 1835 eius
307 1770 421 1834 Tacere
448 1790 575 1852 rcpnum
599 1771 757 1834 traditum.
801 1770 856 1852 qui
877 1772 955 1836 cives
977 1792 992 1834 e
1014 1791 1069 1836 aco
1091 1773 1215 1836 nomine
1239 1773 1369 1840 Taccros
1391 1777 1492 1857 appel-

217 1877 306 1959 lauit,
337 1876 391 1957 qni
413 1881 484 1958 post
510 1898 531 1940 a
558 1897 625 1960 repe
650 1876 728 1941 Troo
754 1875 885 1941 Traiani
912 1877 987 1942 dicti
1012 1883 1097 1962 sunt,
1131 1885 1160 1944 el
1182 1879 1327 1960 templum
1350 1882 1494 1964 Apollini

216 1983 379 2066 constitnit,
401 2003 487 2064 quan
512 1977 704 2048 Sminthium
726 1984 907 2066 appellasse
932 1983 1085 2050 Cretenses
1107 1987 1189 2050 enim
1211 2007 1330 2051 murem
1352 1989 1493 2053 sminthi-

217 2111 280 2155 cem
301 2090 416 2154 dicunt.
453 2090 512 2154 alii
534 2111 597 2154 non
619 2088 856 2170 Scamandrnm,
879 2092 933 2157 sed
947 2092 1098 2156 Teucrum
1121 2095 1223 2176 ipsum
1245 2093 1301 2172 suh
1323 2096 1547 2160 condicionem

216 2197 533 2279 supradictiaraadi
553 2194 727 2279 prafe‘etnm
754 2199 789 2262 de
812 2197 904 2263 Orela
926 2199 1043 2277 dicunt,
1071 2204 1100 2263 et
1121 2200 1273 2264 mutilem
1295 2205 1324 2264 ct
1346 2203 1492 2284 templum

218 2304 398 2380 condidisse,
425 2303 624 2368 etsminthos
651 2325 753 2368 mures
781 2305 886 2370 uocari
919 2325 940 2367 a
963 2304 1144 2388 Plerpprhus.
1190 2308 1318 2372 uadunt
1334 2313 1497 2391 praeterea

216 2431 280 2475 nan
306 2410 388 2474 nulli
410 2408 601 2474 Dardanum
628 2430 649 2473 a
674 2410 788 2475 Teucro
814 2412 849 2475 iu
872 2411 1013 2495 Plrppeb
1040 2413 1197 2477 incentum
1224 2413 1326 2494 filiam
1353 2418 1495 2482 aramei

217 2519 354 2601 sociasse,
376 2515 608 2582 etDardanum
620 2517 788 2599 populares
809 2537 881 2583 secas
902 2538 1001 2583 socero
1019 2520 1209 2601 copnmnines
1226 2520 1338 2600 fecisse.
1368 2524 1496 2605 quidam

221 2625 371 2688 Teucrum
393 2623 544 2688 Dardani
564 2625 666 2705 {iliam
688 2643 814 2688 uamcm
836 2624 960 2688 detruse
983 2625 1123 2707 tradunt,
1146 2629 1175 2688 et
1196 2627 1261 2690 ideo
1287 2627 1417 2694 Termros
1439 2651 1495 2712 ap·
1514 2640 1549 2688 eo

212 2731 352 2814 peltatas.
486 2747 669 2796 accensas
697 2729 863 2794 Rmcteum
885 2731 1133 2812 promuntorium
1158 2731 1311 2798 Troados:
1344 2735 1413 2800 licet
1439 2737 1498 2800 olii

219 2836 393 2904 ‘Mamas'
417 2838 519 2921 tepent
534 2843 662 2920 propter
684 2837 847 2902 leetram
870 2835 1012 2902 Sithonis
1033 2838 1143 2920 filiam.
1175 2842 1204 2902 et
1227 2843 1316 2904 amat
1329 2839 1496 2924 Vergilius

292 3057 305 3104 1
326 3050 360 3105 de
383 3050 437 3104 hoc
459 3049 557 3103 fabula
575 3048 678 3118 duplex
697 3049 740 3102 est
758 3064 781 3102 e.
801 3066 827 3116 q.
847 3047 880 3118 a]
906 3047 941 3102 cl.
960 3047 1074 3101 Tzetees
1093 3046 1130 3100 ad
1148 3046 1284 3116 Lycophr.
1305 3047 1381 3103 Cass.
1402 3052 1498 3119 13041

220 3130 237 3177 3
257 3121 378 3192 Trogus]
405 3121 441 3175 ad
463 3119 526 3175 libr.
545 3119 636 3174 XXIX
659 3119 729 3174 haec
752 3117 839 3174 relert
856 3117 1065 3174 Gutsehmidius
1085 3118 1260 3174 Fleckeiseni
1277 3135 1341 3174 ann.
1361 3121 1450 3190 suppl.
1470 3123 1496 3176 ΙΙ

220 3211 247 3262 p.
269 3199 318 3246 181
338 3209 397 3262 sqq.

220 3325 431 3337 ...—-———

295 3396 308 3443 1
329 3389 366 3443 ad
384 3405 407 3444 o.
430 3393 480 3446 108
504 3389 569 3442 hace
591 3389 623 3441 in
641 3389 764 3457 marpine
786 3386 811 3439 T
826 3387 967 3455 adscripta
985 3391 1050 3440 sunt
1068 3385 1213 3441 Dardanus
1240 3389 1270 3440 st
1294 3387 1379 3442 insius
1398 3389 1498 3444 fratres

223 3461 337 3515 luerunt
359 3459 431 3514 iouis
454 3460 483 3513 et
507 3459 629 3513 electrae
647 3458 705 3515 filii.
742 3457 830 3512 Iasius
848 3458 947 3539 genuit
964 3457 1159 3511 scamandrum
1179 3458 1257 3512 cuius
1275 3458 1348 3512 filius
1366 3459 1422 3513 fuit
1439 3463 1499 3514 teu-

224 3549 270 3586 cer
292 3529 457 3584 scamander
476 3545 539 3584 cnm
558 3531 635 3584 creta
653 3530 763 3598 frugum
782 3529 879 3597 inopia
896 3527 1038 3582 laboraret
1057 3572 1062 3582 .
1083 3573 1089 3584 .
1109 3570 1115 3583 .
1136 3530 1165 3583 et
1183 3529 1320 3584 sminthcs
1339 3547 1431 3584 maras
1450 3549 1498 3600 ap-

163 3641 171 3656 .
223 3601 325 3671 pellari
348 3600 513 3670 strigibus.
537 3602 547 3669 ΙΙ
569 3607 584 3654 2
605 3600 721 3654 Curetas
746 3599 928 3654 Commelinns
955 3599 1063 3652 Curetis
1088 3599 1244 3653 Massicius
1263 3607 1291 3654 'et
1308 3601 1499 3666 Burmannus,

221 3675 338 3740 smtasee
355 3677 431 3726 recte.
464 3674 500 3738 cs.
519 3670 900 3740 alumnusalumnus
919 3669 1058 3738 nymphae
1079 3671 1234 3724 Mauricius
1253 3677 1277 3724 et
1295 3671 1477 3727 Burmannus
1490 3673 1500 3743 ll

222 3750 238 3797 4
257 3744 342 3798 tertia
360 3744 439 3812 parte
457 3742 503 3812 ΤΙΙ
517 3742 551 3795 ad
572 3744 682 3796 exterae
701 3741 781 3796 sedes
801 3784 806 3795 .
828 3783 834 3794 .
855 3783 861 3794 .
881 3740 1044 3794 habiturum
1063 3741 1155 3810 sedes]
1175 3740 1317 3810 proiectus
1337 3742 1434 3795 estad
1453 3759 1499 3796 ex·

221 3817 296 3869 teras
325 3813 403 3867 sedes
431 3813 605 3880 quaerendas
633 3811 756 3867 monitus
784 3813 820 3866 ab
845 3810 987 3880 appolline
1011 3828 1073 3865 eum
1097 3810 1258 3866 habiturum
1280 3811 1321 3865 ibi
1346 3813 1426 3866 sedes
1447 3813 1494 3866 Tl

221 3877 238 3939 δ’
257 3887 406 3954 prouectus
420 3883 471 3954 Fu
485 3891 500 3938 6
523 3885 595 3938 esest
609 3884 786 3954 oppugnatus
804 3883 850 3952 Tll
864 3883 1041 3951 obpugnatus
1057 3881 1087 3934 F
1098 3885 1108 3952 ΙΙ
1121 3882 1169 4020 ad]
1184 3883 1213 3936 in
1230 3883 1255 3935 T
1267 3884 1276 3950 ΙΙ
1289 3881 1403 3952 frigiam
1419 3883 1479 3936 FT
1491 3880 1494 3954 Ι

224 3963 239 4010 't
258 3955 451 4009 laboramenta
465 3953 516 4022 Fll
530 3959 707 4009 comoserunt
723 3955 748 4007 T
759 3956 769 4024 ΙΙ
783 3959 799 4008 8
815 3953 985 4008 Scamander
999 3953 1050 4012 F:‚
1059 3951 1109 4008 ille
1126 3953 1150 4006 T
1167 3954 1171 4020 Ι
1184 3953 1279 4008 hostes
1292 3970 1342 4007 orn.
1360 3954 1385 4007 T
1397 3955 1407 4023 l
1420 3954 1501 4008 ideae

221 4025 325 4081 montis
346 4025 371 4078 T
388 4027 397 4094 Ι]
416 4031 431 4079 9
451 4025 579 4080 aedificia
599 4025 640 4078 F:
664 4027 757 4079 castra
778 4025 802 4078 Τ
819 4027 829 4094 Ι]
847 4024 896 4094 qui
914 4066 920 4078 .
941 4067 947 4078 .
969 4066 974 4077 .
994 4022 1116 4094 gereret]
1136 4026 1165 4076 et
1183 4041 1246 4077 cum
1264 4023 1370 4080 bellum
1389 4027 1501 4094 gereret

221 4098 356 4152 aduersus
374 4095 495 4150 bibricas
515 4096 651 4150 finitimos
672 4097 697 4149 Τ
714 4097 723 4163 ΙΙ
745 4095 874 4164 bibryeas
894 4094 924 4149 F
939 4096 949 4162 ΙΙ
973 4100 1006 4148 10
1026 4097 1105 4164 geret
1123 4094 1155 4147 F
1169 4096 1179 4163 ΙΙ
1201 4095 1230 4148 in
1250 4139 1255 4150 .
1276 4137 1282 4148 .
1302 4135 1309 4147 .
1329 4096 1498 4166 comparuit]

222 4170 317 4237 lapsus
335 4167 365 4221 in
387 4171 472 4221 xanta
491 4167 604 4222 flumine
623 4184 760 4236 nusquam
780 4166 937 4235 comparuit
962 4165 986 4218 Τ
1005 4167 1014 4234 ΙΙ
1028 4168 1108 4219 santo
1129 4164 1227 4234 Τ1112
1246 4165 1308 4237 qui]
1329 4169 1500 4235 quapropter

222 4241 322 4308 postea
343 4239 388 4307 Tll
403 4238 540 4306 apellauit
558 4237 589 4291 F
599 4241 609 4307 ΙΙ
624 4244 656 4291 13
676 4237 725 4306 qui
744 4239 819 4308 post]
840 4239 869 4291 et
887 4236 952 4290 iude
973 4237 1020 4306 Tu
1034 4235 1135 4291 aciani
1157 4236 1194 4288 T:
1212 4236 1286 4290 troisi
1304 4236 1354 4305 Fit
1369 4237 1409 4306 et]
1429 4238 1500 4292 idem

224 4310 270 4378 ΤΙΙ
286 4316 319 4363 14
338 4307 484 4363 constituit
502 4308 618 4378 apollini
640 4308 686 4377 ΤΙΙ
699 4309 845 4378 appellant
865 4308 911 4375 ΤΙΙ
931 4307 1076 4362 Cretenses
1095 4306 1182 4377 enim]
1203 4307 1271 4376 quia
1289 4307 1429 4363 cretenses
1451 4308 1476 4360 T
1492 4307 1501 4378 ll

223 4386 255 4434 15
275 4380 384 4450 dicunt]
401 4377 508 4434 uocant
528 4381 553 4432 T
578 4380 588 4446 ΙΙ
615 4379 765 4462 Teucrum]
785 4379 872 4432 filium
892 4379 951 4433 eius
969 4380 1095 4432 teucrum
1114 4378 1139 4430 T
1158 4379 1169 4447 ΙΙ
1193 4384 1225 4432 lc
1241 4378 1405 4449 supradicti]
1421 4394 1500 4447 prae-

224 4450 277 4504 lati
298 4451 323 4503 T
335 4453 345 4520 ΙΙ
358 4451 456 4504 dicunt
479 4467 529 4504 om.
551 4451 598 4519 ΤΙΙ
613 4456 645 4504 11
665 4451 772 4522 vocari]
793 4449 930 4519 appellari
947 4450 993 4519 ΤΙΙ
1008 4454 1041 4503 18
1059 4448 1147 4502 filiam
1165 4448 1224 4504 eius
1244 4447 1298 4502 sibi
1317 4448 1437 4502 sociasse
1456 4449 1499 4502 de-

223 4523 281 4576 buit
299 4523 416 4574 scribere
433 4523 596 4576 scholiastes.
629 4522 663 4586 cf.
683 4523 720 4574 ad
739 4523 807 4576 Aen.
827 4521 840 4573 Ι
858 4523 916 4588 381]
933 4527 963 4574 19
982 4537 1046 4574 snos
1061 4520 1178 4572 Daniel.-
1196 4535 1246 4572 sno
1261 4519 1296 4572 F.
1325 4521 1359 4586 es.
1379 4521 1417 4573 ad
1431 4520 1500 4572 Aere.

223 4594 233 4646 1
254 4597 289 4646 38
302 4593 312 4660 ΙΙ
325 4595 360 4645 20
379 4591 550 4663 appellatos]
566 4591 702 4646 Troianos
720 4593 815 4646 autem
834 4608 852 4644 a
866 4592 939 4646 Troo
957 4609 1023 4660 rege
1043 4591 1106 4644 add.
1121 4590 1225 4644 Daniel
1238 4592 1248 4658 ΙΙ
1262 4595 1293 4644 21
1310 4609 1426 4644 acernis
1442 4590 1501 4643 FL

223 4680 343 4717 cerasus
362 4663 396 4716 H
421 4681 557 4716 ancarana
578 4664 615 4717 Μ
636 4665 646 4732 ll
667 4661 836 4732 Rhoeteum]
855 4665 956 4716 nocten
975 4661 1006 4714 F
1021 4663 1031 4730 ΙΙ
1049 4667 1082 4714 22
1102 4659 1235 4714 Rhoetias
1252 4661 1417 4714 Ribbectcius
1435 4662 1500 4714 adn.

222 4735 282 4789 crit.
302 4735 340 4787 ad
358 4736 427 4787 Aen.
447 4734 484 4786 lll
504 4739 567 4788 108:
587 4735 674 4793 rotias
695 4733 725 4788 F
750 4733 846 4787 Betim
864 4733 969 4787 Daniel
998 4732 1113 4786 Rhatias
1131 4733 1212 4800 melpc
1230 4732 1239 4798 [Ι
1257 4732 1356 4800 legunt
1374 4731 1411 4799 F,
1430 4747 1500 4787 corr.

223 4805 379 4858 Mauricius
392 4807 402 4873 11
415 4804 564 4858 Rhoetiam
579 4805 757 4859 Ribbeelcius:
775 4803 874 4858 retiam
895 4804 926 4856 F
946 4802 1077 4857 Rhetiam
1092 4803 1172 4872 culpo
1186 4803 1196 4871 ΙΙ
1210 4802 1335 4856 Sithonis
1349 4803 1501 4856 Lobeclins

222 4875 356 4945 Aplaoplr.
376 4893 404 4944 p.
424 4881 507 4930 1142:
526 4875 624 4930 ritonis
643 4875 674 4930 F
699 4874 829 4930 Rhitonis
847 4876 935 4944 culpa.
973 4876 1007 4941 cs.
1029 4875 1135 4928 Tseteee
1153 4875 1191 4927 ad
1208 4874 1344 4943 Lycophr.
1365 4879 1414 4927 183
