3626 5558
541 453 654 510 comm.
673 455 713 510 IN
731 453 838 512 veno.
858 455 942 511 nnn.
962 457 1008 514 111.
1028 462 1177 514 aon-ana.
1432 455 1495 519 431
1527 533 1531 541 .

165 583 167 587 Ι
219 617 351 698 quodsi
373 619 419 680 ila
442 621 493 696 est,
516 619 575 681 crit
597 617 680 700 ‘qne’
699 641 758 702 pre
777 618 851 685 ‘acl
944 645 1066 686 annones
1083 621 1117 684 id
1129 621 1401 702 estseptenlrlenes
1414 621 1498 703 daos,

220 722 414 804 (lynesnram
440 727 469 787 et
491 723 628 788 Helicen.
680 725 779 788 Varro
806 730 908 790 aretem
934 727 982 790 ait
1007 727 1091 790 loves
1118 727 1231 790 triones
1257 727 1326 792 diei.
1372 731 1401 790 el
1425 725 1499 790 denec

219 830 311 912 smne
333 830 426 894 eliam
444 829 589 912 plaustra
612 831 765 911 dimmtnr,
787 853 865 914 qnae
887 853 908 896 a
930 833 1315 898 maismacensem
1337 833 1441 918 solent,
1464 838 1499 897 nt

221 934 335 1000 Graeci
357 931 480 1022 ἄρκτον
503 931 641 1020 ἅμαξαν.

309 1043 384 1108 517.
421 1060 661 1121 nnnnrvnova
684 1062 777 1112 nvno
802 1063 1042 1113 crnovnsmem
1067 1065 1197 1115 onronn
1226 1048 1298 1114 bene
1325 1047 1532 1112 ‘armaturas

220 1148 324 1228 anro’‚
356 1151 432 1233 petia
458 1155 487 1214 el
513 1151 629 1248 balteus
656 1153 723 1217 eins
748 1159 777 1218 et
795 1155 921 1236 pladins
946 1155 1129 1220 ederissimis
1151 1156 1282 1238 [tupiter
1302 1155 1406 1220 stellis.
1452 1155 1499 1220 sio

219 1257 367 1321 Lucanus
392 1257 539 1342 <1665>
572 1259 734 1324 ensiferi
767 1261 925 1326 nimium
959 1261 1087 1346 fulget
1118 1263 1222 1327 latus
1256 1261 1420 1328 Orionis.
1466 1265 1499 1324 et

220 1363 386 1428 sciendum
408 1385 473 1429 non
497 1365 559 1430 hoe
583 1387 656 1430 eum
679 1366 813 1451 intueri,
837 1372 874 1432 ut
897 1373 1008 1433 cernat
1031 1369 1139 1452 signa,
1162 1390 1244 1453 quae
1267 1368 1419 1433 omnibus
1442 1389 1497 1452 pa-

219 1475 300 1554 tent,
324 1469 378 1534 sod
393 1471 560 1554 explorare
576 1473 745 1538 stellarum
764 1474 921 1559 vigorem,
940 1497 1004 1558 quo
1024 1475 1133 1539 futura
1151 1474 1313 1541 indicatur
1331 1475 1498 1556 serenitas,

218 1582 255 1641 ut
278 1578 311 1641 in
334 1577 493 1661 georgicis
518 1577 555 1662 <1
579 1579 666 1662 395>
693 1601 779 1643 nam
808 1601 930 1663 neque
957 1583 1050 1645 tuno
1072 1579 1204 1645 stellis
1228 1581 1332 1645 aeies
1356 1580 1498 1645 obtusa
1518 1591 1551 1638 10

219 1684 383 1748 videtur.
407 1685 522 1766 [ipsum
540 1691 642 1750 antem
657 1685 803 1751 Orionem
820 1687 914 1750 ctiam
938 1691 1123 1768 tempestales
1145 1688 1329 1769 sipnifioare,
1351 1689 1380 1751 si
1400 1687 1497 1768 Deerit

219 1791 372 1870 obscuras,
394 1791 472 1855 alibi
490 1791 622 1875 0535>
641 1795 771 1858 ostendit
792 1814 872 1876 enm
893 1793 1015 1858 sabito
1038 1792 1242 1876 adsnrpens
1262 1793 1384 1876 slneln
1406 1795 1496 1857 nim-

219 1897 326 1964 bosus
360 1897 496 1978 Orion]
544 1899 572 1962 si
604 1902 712 1963 autem
742 1899 921 1983 quaerebat
951 1900 1044 1984 quasi
1075 1921 1141 1965 non
1173 1903 1259 1984 orta,
1290 1921 1495 1985 nequaquam

218 2005 374 2089 procedit,
397 2025 469 2068 eum
493 2005 592 2071 etiam
617 2007 855 2090 septentriones
879 2004 1006 2091 dixerit,
1030 2007 1084 2090 qui
1108 2028 1234 2091 semper
1257 2007 1415 2072 videntur.

219 2136 419 2178 arrcnnsercrr
437 2137 541 2178 annona
564 2117 621 2177 ant
642 2113 762 2194 nicaenii
783 2096 910 2191 eernere,
933 2117 989 2177 arat
1010 2113 1065 2176 din
1087 2115 1317 2196 contemplatur.
1517 2123 1549 2172 15

308 2219 387 2306 518.¹
420 2235 534 2284 anano
558 2235 738 2284 consessa
763 2235 901 2284 sanano
924 2220 1018 2284 idest
1035 2221 1140 2284 mrinia
1158 2221 1364 2286 videtlalere
1381 2220 1498 2284 εαεὶωη

181 2353 185 2361 ·
218 2347 296 2408 picae
317 2326 490 2408 siqnitleent
510 2327 710 2391 serenitatem.
756 2324 921 2392 ‘emrslme'
944 2330 1062 2390 aretem·
1071 2328 1250 2410 suppetere,
1273 2332 1310 2394 ut
1333 2325 1497 2392 Iuvenalis

220 2433 393 2515 <vl166>
418 2432 503 2516 quis
527 2433 629 2499 ferat
652 2456 825 2518 uxorem,
850 2433 909 2497 eui
933 2436 1114 2498 constant
1138 2435 1285 2499 omnia?

309 2539 383 2604 519.
421 2555 563 2604 onuavn
587 2557 718 2606 sronvn
741 2539 881 2604 faculam
905 2539 1053 2623 elevavit,
1076 2544 1113 2604 ut
1136 2538 1189 2623 <11
1208 2540 1295 2623 256>
1319 2540 1498 2606 flammas

220 2667 301 2710 eum
324 2647 433 2731 regia
455 2648 596 2731 puppis
621 2647 824 2712 extulerat.
934 2662 1065 2712 cesena
1090 2663 1255 2712 novauvs
1280 2651 1548 2731 assensuram

218 2753 275 2816 ubi
298 2752 391 2818 miles
416 2754 553 2818 steterit.
585 2755 673 2818 modo
693 2758 795 2818 tamen
813 2751 939 2816 classem
962 2753 1124 2837 sipnifical,
1146 2753 1222 2834 qnia
1244 2757 1273 2816 et
1294 2757 1397 2818 castra
1419 2775 1497 2818 nan·

219 2861 280 2924 tien
298 2861 450 2925 diennlnr.
484 2860 571 2926 diota
590 2863 697 2924 autem
713 2857 852 2924 ‘eastra’
867 2858 961 2943 quasi
980 2862 1078 2942 easta,
1101 2858 1154 2923 vel
1177 2857 1262 2942 quod
1285 2857 1353 2923 illie
1377 2862 1496 2925 eastra·

219 2970 309 3031 retur
331 2966 446 3032 libido:
470 2989 544 3032 nam
568 2988 744 3051 numquam
767 2965 819 3029 his
842 2965 998 3030 intererat
1021 2965 1146 3029 mulier.

308 3074 382 3138 520.
420 3091 701 3150 rauerunvsovn
727 3091 814 3140 vmn
837 3072 869 3136 id
894 3075 944 3136 est
967 3093 1066 3136 naves
1091 3071 1305 3154 producimus.
1418 3091 1497 3138 enn-

219 3197 326 3246 ornvs
359 3197 448 3246 nnus
481 3185 593 3246 contos
626 3179 838 3244 intendimus:
871 3180 951 3244 ande
982 3177 1129 3261 <1224>
1161 3198 1260 3244 arare
1290 3179 1548 3246 velivolantes

219 3286 388 3352 Sallustius
410 3293 443 3351 el
461 3288 591 3370 parvis
613 3287 715 3352 modo
737 3287 899 3350 velorum
921 3287 997 3350 alis
1019 3285 1195 3350 remissis.

252 3385 257 3392 ’
308 3395 382 3476 522.
419 3411 656 3472 nvnmanovs
685 3409 840 3458 vroauvs
869 3410 1016 3456 muman
1047 3395 1104 3457 aut
1130 3395 1281 3457 naturam
1311 3393 1516 3477 provinciae.

260 3541 281 3546 -
290 3539 431 3547 ————-

291 3613 307 3660 2
326 3605 427 3677 Varro]
447 3605 482 3661 de
500 3605 518 3660 l.
537 3605 555 3660 l.
576 3605 626 3659 VII
646 3610 689 3659 14.
718 3603 752 3660 el.
772 3603 843 3658 Gall.
860 3603 885 3656 ll
900 3611 943 3671 21,
958 3595 1046 3672 dsqci.
1060 3605 1070 3673 l
1086 3609 1117 3657 11
1132 3602 1225 3674 ipsum
1245 3607 1352 3660 autem.
1365 3647 1371 3662 .
1382 3603 1493 3678 Drion]

220 3677 258 3804 ἓξ.
274 3677 446 3816 {paptiano
466 3677 503 3731 ad
522 3675 592 3732 sna
612 3676 699 3733 Theb.
719 3676 756 3730 IX
776 3681 826 3729 461
860 3676 870 3744 ΙΙ
901 3681 936 3729 20
955 3679 1045 3730 eastra
1064 3675 1303 3747 sunt...mulier]
1323 3692 1409 3732 exscr.
1429 3675 1494 3733 lsid.

294 3970 306 4017 1
328 3965 365 4018 ad
382 3961 563 4033 geminosque
582 3959 687 4017 triones
705 3977 781 4030 supr.
800 3975 867 4016 vers.
887 3958 986 4029 enicem
1007 3958 1076 4015 dicit
1094 3962 1123 4015 et
1141 3959 1297 4017 einosaram
1319 3961 1491 4032 Flauianos

218 4034 288 4090 duos
309 4035 464 4100 Maeeieins
479 4036 588 4102 primns
600 4035 610 4103 Ι
624 4039 639 4086 2
654 4031 682 4086 id
702 4034 747 4086 est
765 4031 935 4101 Cynosuram
955 4033 984 4086 et
1001 4031 1118 4086 Helicen
1132 4033 1236 4087 Daniel
1247 4035 1357 4102 primns
1370 4037 1380 4102 ΙΙ
1394 4051 1493 4102 scynos

219 4122 312 4159 suram
331 4109 360 4161 et
378 4105 498 4160 hellioen
514 4104 545 4158 F
554 4106 594 4174 113
614 4121 632 4158 a
649 4104 739 4158 bobus
756 4103 925 4171 Mescinius:
943 4101 1040 4156 beluus
1056 4102 1087 4156 F
1102 4103 1191 4158 bobus
1207 4105 1310 4158 Daniel
1322 4105 1361 4174 111
1381 4099 1494 4174 ἅμαξαν

218 4175 335 4231 Daniel:
364 4191 480 4231 unomen
499 4176 529 4229 F
553 4179 563 4244 n
591 4180 607 4230 5
630 4175 667 4230 ad
690 4175 884 4242 armatumque
908 4187 975 4228 auro
994 4189 1069 4243 supr.
1088 4189 1154 4230 nens.
1174 4173 1240 4243 quia
1259 4176 1367 4230 balteus
1386 4175 1445 4230 eius
1465 4178 1494 4231 et

221 4246 332 4315 gladius
352 4247 512 4302 clarissimis
530 4249 644 4301 notatur
662 4243 752 4300 stellis
775 4244 848 4314 Fls
869 4243 1027 4298 carissimus
1047 4244 1078 4298 F
1088 4245 1128 4313 nt
1148 4246 1313 4315 exprobrare
1329 4247 1379 4315 Fi
1395 4253 1427 4300 10
1446 4247 1494 4302 oln

219 4319 301 4372 tunsa
320 4317 375 4386 Fu
395 4324 425 4371 11
446 4317 597 4388 significari
616 4316 672 4384 Fu
691 4322 723 4370 1s
743 4315 791 4370 sed
810 4315 835 4370 si
853 4317 946 4370 autem
966 4314 997 4368 F
1012 4315 1022 4384 l
1038 4322 1070 4370 14
1090 4317 1151 4385 quis
1170 4333 1230 4371 eam
1250 4316 1431 4386 peruidentar
1451 4317 1475 4371 (l
1485 4317 1493 4390 'i

218 4405 290 4457 quae
309 4389 372 4442 LH
389 4388 448 4460 (qui
466 4391 510 4456 Du
526 4395 557 4442 15
577 4390 614 4444 ael
633 4385 823 4456 circumspicit
842 4385 945 4441 Oriona
962 4402 1038 4456 supr.
1053 4403 1120 4441 aere.
1135 4388 1494 4457 ant...e0ntemplaturT1

220 4467 253 4515 16
263 4477 350 4529 srepra
359 4475 426 4516 vers.
438 4464 489 4513 518
502 4461 555 4514 hoc
570 4462 614 4514 est
622 4458 770 4529 postquam
780 4455 889 4513 omnia.
902 4500 907 4512 .
919 4457 1091 4525 ‚significent
1101 4458 1278 4512 serenitatem
1291 4458 1336 4528 Tu
1351 4459 1491 4529 1ῖείςηὶίί-

217 4534 284 4586 cant
294 4531 474 4586 Omnmelinns
485 4531 616 4600 primast
631 4535 663 4584 13
677 4529 749 4583 leret
764 4528 934 4582 Pithoeanas
949 4530 1091 4583 Iuvenalis
1104 4533 1114 4598 l
1128 4531 1238 4584 constat
1249 4529 1343 4583 OLM
1353 4531 1494 4596 (constant

217 4603 270 4671 lm)
283 4605 294 4672 fl
307 4609 339 4656 21
360 4601 421 4672 ubi]
441 4601 488 4655 nel
507 4601 537 4654 F
546 4603 563 4670 ,ll
580 4600 655 4655 milis
674 4599 729 4667 Fu
749 4605 782 4652 22
803 4601 840 4654 nd
859 4601 952 4653 castra
970 4616 1113 4654 movemus
1130 4617 1205 4668 supr.
1224 4617 1291 4655 vers.
1310 4601 1339 4654 iu
1358 4601 1411 4656 hoo
1430 4601 1492 4655 loco

218 4673 335 4728 classem
355 4673 501 4743 intellege,
521 4674 552 4726 in
570 4689 655 4741 marp.
676 4671 750 4725 Nota
769 4673 860 4726 emtra
878 4669 913 4724 de
932 4670 1048 4724 nucibus
1068 4671 1122 4725 diei
1146 4671 1170 4724 T
1192 4673 1203 4740 l
1230 4671 1309 4742 quasi
1327 4675 1419 4726 castra
1438 4671 1468 4724 F
1483 4674 1492 4742 ll

217 4751 251 4799 23
271 4761 470 4814 nonnunquam
489 4744 644 4812 Stephanus
656 4745 666 4812 Ι
680 4741 735 4812 his]
755 4741 814 4796 illio
830 4741 873 4810 0ss
887 4747 921 4794 24
941 4761 1080 4796 rrznrruvs
1090 4741 1152 4794 Lll
1164 4744 1174 4809 ss
1188 4748 1221 4796 26
1241 4743 1327 4799 unde.
1339 4786 1345 4798 .
1357 4741 1492 4798 ,remissis

217 4817 308 4872 omiml
326 4817 431 4870 Daniel
443 4818 454 4886 t
466 4813 650 4885 intendimus]
669 4813 713 4868 vel
733 4815 868 4868 antennas
888 4829 950 4866 oum
969 4813 1033 4866 velo
1052 4813 1235 4884 extendimus,
1254 4831 1325 4883 quae
1344 4813 1410 4868 sunt
1427 4813 1492 4868 alae

116 4961 118 4968 γ
217 4886 245 4941 in
265 4887 340 4942 malo
359 4886 439 4942 nevis
457 4887 521 4942 add.
540 4885 570 4939 D
