3590 5558
672 1544 1030 1630 PRAEFATIO.

302 1735 408 1801 Priori
431 1737 527 1802 huius
551 1737 726 1804 voluminis
746 1738 901 1805 fasciculo
924 1740 1155 1826 prolegomene
1175 1739 1351 1826 adiungere
1373 1741 1493 1806 consti-

213 1845 348 1928 tueram,
364 1844 481 1928 quibus
495 1866 599 1910 novae
614 1844 765 1911 editionis
780 1847 945 1912 rationem·
952 1847 1158 1934 explicarem.
1191 1869 1278 1912 nunc
1292 1851 1325 1912 et
1337 1849 1492 1932 temporis

215 1950 375 2035 angustiis
408 1954 441 2015 et
469 1952 593 2017 ambitu
626 1953 720 2017 huius
753 1953 901 2020 fasciculi
927 1953 1057 2038 praeter
1087 1953 1272 2039 opinionem
1300 1958 1394 2020 aucto
1422 1976 1492 2022 eum
1609 1942 1613 1948 ¹

214 2057 521 2124 commentationem
550 2059 643 2124 alteri
672 2081 828 2144 seponere
856 2081 968 2153 cogor,
1002 2061 1058 2145 qui
1086 2061 1194 2146 quarti
1222 2065 1255 2126 et
1282 2061 1389 2146 quinti
1417 2061 1493 2126 libri

215 2166 463 2240 commentarios
492 2166 696 2250 conplectens
730 2189 827 2251 qnam
858 2165 1000 2250 primum
1029 2166 1100 2232 fieri
1127 2167 1248 2252 poterit
1275 2167 1397 2232 edetur.
1446 2168 1493 2232 iu-

214 2270 310 2334 terim
329 2271 409 2336 setis
428 2271 533 2337 habeo
553 2272 591 2337 de
610 2271 775 2338 codicibus
795 2273 912 2360 quibus
931 2273 966 2338 in
984 2273 1036 2344 his
1055 2273 1160 2340 tribus
1180 2273 1274 2338 libris
1290 2273 1494 2338 recensendis

215 2399 292 2442 usus
316 2401 389 2443 sum
413 2383 446 2444 et
469 2379 508 2444 de
532 2383 664 2444 externa
687 2380 784 2445 huius
809 2363 961 2446 editionis
983 2373 1089 2445 forme
1111 2401 1215 2466 peuce
1236 2380 1389 2465 praeferi.

303 2483 411 2570 Atque
435 2485 463 2550 is
487 2485 615 2569 quidem
639 2487 905 2573 commentarius,
932 2508 1027 2572 quem
1050 2483 1153 2552 Servii
1182 2509 1252 2554 esse
1280 2492 1314 2553 et
1337 2487 1495 2553 libromm

214 2591 481 2676 inscriptionibus
501 2596 534 2656 et
552 2593 625 2657 eliis
644 2594 841 2660 testimoniis
859 2594 1078 2678 confirmatur,
1097 2595 1231 2680 entique
1245 2616 1341 2680 quem
1357 2592 1495 2658 technici

215 2702 334 2764 vocent
356 2699 540 2764 litteratura
563 2699 740 2784 impressus
763 2704 822 2766 est.
869 2697 909 2764 ud
933 2720 1007 2765 eum
1029 2699 1259 2792 recensendum
1283 2699 1318 2763 hi
1343 2698 1419 2764 libri
1441 2699 1494 2764 od·

214 2804 312 2870 bibiti
335 2811 424 2873 sunt:

303 2912 514 2978 Bernensis
539 2913 604 2979 363
628 2911 690 2999 (B)
713 2912 987 2996 membranaceus,
1011 2911 1130 2976 soeculi
1152 2909 1259 2977 VIIII.
1282 2911 1339 2977 fol.
1365 2912 1494 2978 1-138
1596 2949 1600 2956 -

215 3016 320 3084 Servii
338 3019 509 3085 bucolicon
528 3005 704 3105 georgicon
722 3019 883 3085 Aeneidos
899 3018 1034 3104 I—Vll‚
1055 3019 1096 3084 16
1116 3019 1366 3084 commentarios
1387 3018 1496 3104 negle-

215 3129 329 3210 genter
348 3127 486 3211 scriptos
506 3131 539 3192 et
556 3126 642 3192 haud
662 3126 773 3212 paucis
791 3126 873 3191 loeis
891 3126 984 3191 valde
1003 3126 1189 3191 decurtatos
1209 3126 1361 3191 continet.
1398 3124 1496 3210 primi

214 3230 376 3298 Aeneidos
398 3233 476 3298 libri
500 3237 683 3298 commenta
706 3254 779 3299 cum
801 3233 863 3298 hoc
876 3232 995 3326 codice
1019 3233 1145 3297 contuli
1169 3253 1255 3296 enno
1281 3221 1376 3297 1855.

305 3337 622 3406 Ceroliruhensis
639 3341 702 3406 186
716 3336 781 3426 (Κ)
796 3339 930 3406 membr.
950 3339 1069 3404 saeculi
1084 3337 1190 3423 vnn,
1207 3337 1286 3403 olim
1305 3339 1496 3404 monasterii

213 3445 507 3531 ReichenariensiS,
530 3448 675 3513 continet
694 3445 886 3511 Servianum
904 3447 1080 3532 georgicon
1099 3449 1132 3510 et
1150 3445 1311 3510 Aeneidos
1331 3445 1495 3512 14—338
1563 3505 1564 3512 ,

109 3620 115 3634 ,
215 3554 484 3618 commentarium
499 3552 596 3618 ‘circe
609 3552 767 3622 troianos'
782 3591 824 3600 —-
840 3552 887 3617 ‘hi
906 3554 962 3638 qui
980 3551 1019 3617 de
1034 3551 1178 3617 chalcide
1192 3555 1349 3617 uenerunt
1363 3551 1496 3618 oinitste

215 3659 368 3724 euboice.'
406 3661 527 3726 contuli
551 3683 636 3727 anno
663 3661 757 3727 1876.

305 3765 525 3850 Lipsiensis
553 3768 771 3834 bibliothecae
800 3767 981 3832 senatoriae
1008 3789 1074 3850 rep.
1099 3765 1114 3830 Ι
1137 3787 1168 3830 n.
1192 3765 1236 3829 36
1262 3763 1332 3852 (L),
1360 3766 1495 3832 membr.

217 3893 298 3936 suec.
317 3871 357 3958 X,
380 3873 525 3938 continet
545 3873 649 3940 Servii
671 3873 706 3938 in
726 3872 868 3957 Vergilii
891 3872 1035 3937 cer-mins
1058 3872 1336 3938 commentarium.
1373 3873 1496 3938 contuli

217 3979 340 4060 purtim
363 4002 448 4046 anno
475 3980 560 4046 1856
583 3981 702 4065 partim
727 4001 811 4045 anno
837 3979 931 4045 1876.

308 4087 319 4150 1
346 4086 442 4151 huius
470 4085 546 4150 libri
574 4089 784 4170 correctores,
816 4107 952 4170 quorum
986 4084 1069 4150 alter
1097 4085 1204 4169 primo
1233 4085 1368 4151 librario
1395 4108 1496 4171 prope
1553 4169 1555 4173 Ι

217 4194 363 4277 aequalis
386 4193 461 4277 fuit,
490 4194 572 4258 ulter
594 4192 724 4257 saeculo
743 4191 790 4256 XI
809 4190 860 4256 vel
878 4190 942 4256 XII
965 4191 1042 4256 libri
1060 4190 1261 4277 Frisingensi
1284 4193 1398 4258 similis
1418 4193 1495 4264 scri-

215 4303 332 4382 pturus
353 4299 477 4365 adiecit.
1094 4377 1097 4383 Ι

305 4405 612 4492 Hemburgensis
630 4405 701 4494 (H)
723 4407 940 4473 bibliothecae
963 4407 1121 4490 publicae,
1144 4405 1277 4470 membr.
1301 4406 1421 4471 saeculi
1439 4405 1496 4470 XI.

218 4512 361 4578 continet
378 4513 434 4579 tol.
452 4514 581 4578 1-222
593 4513 735 4598 Vergilii
755 4515 899 4579 carmine
918 4517 951 4577 et
968 4510 1072 4577 Servii
1091 4511 1341 4578 commentarios
1360 4512 1394 4576 in
1412 4534 1496 4577 mur-
1514 4499 1517 4506 Δ

218 4619 349 4704 ginibus
374 4620 562 4703 adscriptos.
599 4619 720 4683 contuli
744 4641 830 4686 enno
856 4619 949 4686 1875.

307 4726 551 4792 Monacensis
572 4723 629 4810 (M
632 4724 645 4813 )
665 4725 733 4791 cod.
751 4727 807 4792 lut
822 4727 918 4812 6394,
938 4726 1017 4791 olim
1035 4723 1254 4811 Frisingsusis
1271 4725 1345 4811 194,
1362 4725 1496 4790 membr.

218 4834 339 4899 saeculi
362 4833 417 4898 XI.
455 4835 598 4900 continet
622 4819 725 4898 Servii
749 4833 783 4896 in
805 4833 944 4918 Vergilii
968 4833 1112 4898 carmina
1135 4832 1394 4898 commentarios.

306 4962 337 5005 ru
361 4941 456 5006 huius
481 4941 556 5005 libri
580 4944 752 5005 corrector.
