3636 5550
539 506 651 560 coum.
670 506 710 560 ru
729 507 838 562 vasu.
858 507 941 564 ΑΕΝ.
961 506 980 562 1,
1001 511 1150 560 aaa-ssu.
1422 505 1485 568 195

295 669 369 732 691.
406 686 585 734 PLAOIDAM
605 687 669 733 nna
688 688 835 734 nsuuau
854 687 1008 746 aurursus
1029 672 1085 732 aut
1104 667 1272 752 epitheton
1291 672 1341 732 est
1361 667 1489 753 quietis,

206 779 263 842 aut
285 775 357 840 ideo
382 774 576 859 ‘placidam’
600 775 695 860 dixit,
715 777 792 860 quia
811 780 861 843 est
880 777 985 861 quiae,
1004 798 1086 860 quae
1104 777 1213 859 potest
1232 774 1331 838 etiam
1350 776 1488 840 somnio·

207 906 279 948 rum
303 886 427 947 terrore
452 882 587 947 turbari.

298 990 371 1055 692.
412 1016 536 1057 marcar
555 991 712 1072 iufundit:
729 993 858 1074 proprie
880 993 955 1074 quio
977 996 1006 1056 et
1025 1011 1150 1057 somnus
1172 992 1217 1056 sio
1234 991 1378 1073 pinpdru
1400 991 1491 1074 perosi
1580 989 1583 994 ’

207 1118 302 1161 cornu
324 1095 481 1175 infundat.
572 1115 694 1162 sorvu
718 1099 899 1182 sublatum,
922 1099 1120 1181 comptonam.
1510 1109 1526 1156 5

297 1202 371 1267 693.
408 1221 594 1270 auruncus
624 1203 678 1269 hic
707 1227 787 1289 puer
816 1205 926 1290 regius
957 1205 1192 1290 unguentarius
1222 1205 1299 1289 fnit,
1330 1206 1386 1290 qui
1416 1227 1491 1270 casu

191 1306 318 1394 'lapsus
347 1309 422 1374 dum
451 1309 552 1375 ferret
579 1318 760 1396 unguenta,
792 1312 949 1376 maiorem
982 1334 1019 1376 cx
1049 1317 1274 1394 renunciaturum
1304 1312 1493 1378 confusione

160 1449 161 1452 ¹
208 1417 340 1482 odorem
376 1417 511 1482 creavit:
548 1418 633 1483 unde
664 1420 789 1503 optima
818 1423 986 1504 unguenta
1017 1409 1200 1485 amaracina
1230 1417 1390 1484 dicuntur.
1440 1418 1494 1483 hic

209 1529 324 1609 postea
346 1524 380 1588 in
403 1524 538 1590 herbam
562 1547 770 1611 sampsucnm
793 1549 905 1592 versus
925 1524 993 1614 est,
1017 1549 1114 1611 quam
1137 1548 1223 1592 nunc
1247 1525 1347 1590 etiam
1370 1547 1494 1590 amara-

210 1653 282 1696 cum
305 1631 425 1696 dicunt.
1515 1643 1547 1692 ιο

299 1739 373 1804 695.
411 1757 546 1816 Iurrqu
571 1759 749 1806 rurscam
778 1741 832 1806 vix
855 1741 966 1806 Venus
998 1742 1063 1806 ista
1090 1741 1233 1806 dixisset.
1284 1762 1362 1807 saue
1389 1762 1493 1826 neque

210 1845 441 1912 festinantibus
464 1849 611 1931 personis
635 1871 739 1934 neque
764 1850 945 1914 minoribus
970 1852 1020 1914 est
1043 1847 1258 1932 respondendi
1282 1848 1435 1930 facultas,
1460 1854 1496 1914 ut

210 1953 367 2019 hocloco
391 1953 556 2037 Cupidini,
586 1953 745 2020 Mercurio
771 1979 870 2040 supra
897 1956 977 2020 itam
1005 1957 1040 2020 in
1068 1961 1198 2040 quarto,
1228 1959 1266 2019 ut
1293 1955 1327 2019 in
1356 1955 1495 2039 septimo

214 2059 338 2125 Furiae.

301 2170 375 2234 697.
414 2187 485 2234 cvru
508 2188 616 2235 vuum*
642 2174 699 2235 aut
721 2193 781 2254 pro
806 2171 896 2236 ‘cum
920 2169 1070 2254 venirct'‚
1101 2176 1157 2236 aut
1187 2175 1224 2235 nt
1247 2168 1352 2236 ‘cum'
1377 2171 1421 2238 sit
1445 2171 1496 2236 ad-
1518 2178 1549 2228 ¹5

213 2276 356 2341 verbium
379 2277 537 2360 temporis
561 2300 620 2362 pro
644 2277 735 2361 dum;
759 2300 818 2342 nec
841 2279 927 2343 enim
949 2281 1060 2362 potest
1083 2278 1280 2344 coniunctivi
1308 2278 1396 2343 modi
1426 2301 1498 2363 par·

212 2368 313 2447 ticula
336 2383 428 2468 iungi
452 2383 638 2449 indicativo.
668 2407 745 2450 sane
769 2385 935 2451 sciendum
941 2437 950 2471 ,
974 2386 1061 2452 malo
1086 2408 1194 2451 errore
1218 2385 1316 2450 ‘cum'
1341 2389 1374 2450 et
1397 2385 1497 2476 ‘dum'

213 2514 232 2555 a
254 2489 411 2557 Romanis
435 2513 505 2556 esse
529 2491 674 2557 confusa.
764 2510 913 2558 AVLAEIS
937 2492 1019 2557 velis
1042 2493 1154 2577 pictis,
1182 2515 1263 2577 quae
1287 2493 1360 2558 ideo
1384 2493 1500 2559 aulaea

212 2597 297 2662 dicta
321 2602 409 2683 sunt,
432 2597 518 2683 quod
540 2599 684 2681 primunr
711 2600 746 2663 in
776 2599 851 2664 aula
873 2597 980 2664 Attali
1009 2599 1095 2684 regis
1120 2600 1232 2680 Asiae,
1261 2601 1317 2685 qui
1344 2602 1499 2684 populum

212 2703 396 2770 Romanum
429 2705 559 2790 scripsit
589 2704 757 2789 heredem,
789 2707 922 2771 inventa
955 2711 1038 2772 sunt.
1084 2708 1155 2774 idco
1189 2711 1299 2773 autem
1332 2709 1432 2772 etiam
1464 2708 1499 2772 in
1517 2711 1552 2759 20

214 2810 363 2876 domibus
395 2813 613 2878 tendebantur
645 2814 773 2895 aulaea,
806 2818 843 2878 ut
875 2815 1017 2880 imitatio
1050 2817 1268 2881 tentoriorum
1301 2817 1407 2901 fieret,
1439 2816 1500 2882 sub

214 2919 331 3002 quibus
360 2919 520 2985 bellantes
552 2941 678 3005 semper
705 2919 894 2986 habitavere
918 2922 1072 2986 maiores:
1103 2921 1186 2986 unde
1217 2925 1251 2986 et
1280 2921 1314 2985 in
1345 2921 1500 2988 thalamis

214 3025 276 3091 hoc
313 3027 384 3091 fieri
416 3027 577 3112 hodieque
615 3026 840 3111 conspicimus.
887 3026 993 3094 Varro
1031 3033 1140 3094 tamen
1177 3028 1257 3094 dicit
1292 3029 1366 3093 vela
1397 3029 1500 3094 solere

216 3134 368 3218 suspendi
389 3133 429 3200 ad
449 3133 672 3218 excipiendum
696 3135 877 3219 pulverem,
900 3135 977 3220 quia
1000 3157 1076 3200 usus
1101 3157 1247 3201 camerae
1270 3135 1500 3220 ignorabatur:

215 3241 299 3306 unde
336 3240 494 3307 Horatius
535 3241 687 3307 interea
724 3264 913 3326 suspensa
949 3243 1079 3328 gravis
1118 3243 1256 3307 aulaea
1291 3243 1427 3307 ruinas
1464 3243 1555 3308 in2⁵

215 3347 389 3431 patinam
430 3348 570 3431 fecere,
612 3348 813 3413 trahentia
852 3349 1028 3432 pulveris
1071 3350 1162 3433 atri,
1204 3352 1386 3432 quantum
1427 3371 1502 3415 non
1555 3339 1558 3346 ¹

216 3451 359 3539 Aquilo
388 3452 594 3539 Campanis
623 3455 770 3521 excitat
801 3455 889 3520 oris.
940 3457 1105 3521 sciendum
1138 3477 1215 3522 sane
1244 3456 1353 3520 omnia
1381 3456 1504 3522 Graeca

217 3562 349 3627 nomina
367 3561 402 3627 in
420 3587 441 3646 η
462 3563 626 3648 exeuntia,
641 3584 713 3626 curn
727 3561 960 3627 derivationem
979 3562 1115 3648 faciunt,
1134 3587 1155 3646 η
1172 3563 1206 3627 in
1221 3585 1259 3628 ae
1274 3562 1501 3648 diphthongon

290 3782 305 3830 6
324 3774 371 3829 hic
390 3791 459 3844 puer
479 3816 484 3827 .
501 3815 506 3827 .
523 3817 529 3828 .
549 3773 657 3843 dicunt]
682 3790 768 3827 exscr.
789 3774 929 3844 mythogr.
948 3773 961 3826 1
981 3781 1022 3828 34.
1048 3775 1073 3828 ΙΙ
1095 3781 1153 3830 182.
1183 3773 1246 3828 lsid.
1268 3773 1336 3842 orig.
1357 3774 1395 3827 IV
1417 3781 1457 3839 12,
1476 3779 1502 3828 8.

217 3845 295 3900 XVII
322 3852 351 3914 9,
378 3851 411 3898 14
434 3847 444 3914 ΙΙ
469 3852 498 3898 11
525 3862 592 3900 sano
616 3886 621 3898 .
643 3887 648 3898 .
669 3885 675 3896 .
700 3843 833 3915 facultas]
857 3845 892 3898 cl.
917 3845 996 3900 Luct.
1021 3846 1096 3902 Plac.
1121 3845 1157 3900 ad
1182 3846 1253 3900 Stat.
1277 3845 1397 3900 Thebi
1423 3851 1474 3899 303
1494 3847 1502 3916 ll

217 3915 251 3970 cl.
271 3917 353 3986 adp.
374 3922 433 3984 194,
453 3923 487 3970 24
507 3917 571 3985 aql!
593 3921 624 3970 18
644 3932 716 3984 quae
734 3915 798 3969 ideo
818 3915 918 3970 aulaea
938 3957 944 3968 .
962 3959 988 3970 ..
1009 3917 1123 3972 inventa
1142 3917 1219 3986 sunt]
1240 3933 1326 3971 exscr.
1347 3916 1418 3971 isid:
1433 3916 1500 3986 orig.

218 3987 282 4042 XIX
301 3994 343 4056 26,
363 3993 379 4042 8
400 3990 410 4056 ΙΙ
432 3993 466 4042 25
486 3987 629 4057 Horatius]
650 3989 699 4040 sat
718 3987 745 4040 ll
764 3992 789 4054 8,
809 3993 850 4041 54.
885 3987 918 4042 cf.
939 3987 1074 4058 Porphyr.
1095 3989 1131 4044 ad
1150 3989 1231 4043 huno.
1250 4003 1321 4042 vers.

290 4190 306 4237 2
331 4183 415 4254 quae]
443 4183 491 4252 qni
515 4183 538 4238 0
558 4185 567 4252 ΙΙ
591 4189 607 4235 4
634 4183 671 4236 od
694 4199 718 4236 c.
742 4187 794 4236 692
820 4181 940 4256 inrigat]
968 4183 1092 4238 intrudit
1119 4183 1231 4254 proprie
1260 4182 1327 4252 quia
1355 4183 1447 4251 (quae)
1476 4185 1505 4237 et

223 4271 337 4309 somnus
358 4295 408 4309 ...
428 4255 612 4324 complexum.
633 4253 661 4306 P
678 4255 688 4322 11
712 4259 727 4307 5
748 4253 889 4308 sublatum
913 4271 930 4308 a
952 4254 1079 4310 fouendo
1096 4256 1126 4309 D
1149 4257 1158 4324 ΙΙ
1182 4263 1197 4310 6
1217 4256 1254 4308 ad
1272 4272 1296 4308 a.
1316 4260 1367 4308 693
1387 4254 1504 4308 Amara·

218 4323 1504 4466 2199299919111·2919911222129222199199191]

220 4471 235 4520 8
255 4467 408 4522 amaricina
426 4467 452 4520 L
470 4467 650 4522 amarachina
671 4467 698 4518 P
714 4467 724 4533 ΙΙ
747 4471 763 4520 9
783 4483 960 4536 sampsucnm
980 4468 1028 4521 M:
1047 4484 1203 4522 samsucum
1222 4467 1289 4521 BH
1304 4467 1502 4536 sampsuchum

181 4563 187 4577 ·
220 4537 244 4592 0
266 4538 473 4608 sam3sulllcum
493 4540 518 4592 L
537 4555 694 4593 samsacnm
713 4537 741 4589 P
759 4539 769 4606 ΙΙ
791 4554 887 4592 versus
906 4537 960 4609 est]
981 4538 1084 4594 dicitur
1102 4555 1198 4593 nereus
1218 4537 1273 4594 GP
1291 4540 1300 4607 ΙΙ
1319 4537 1416 4608 quam]
1437 4536 1505 4606 quia

220 4609 254 4662 H
278 4609 353 4678 qnod
376 4609 403 4661 B
425 4611 436 4679 ΙΙ
458 4609 545 4664 etiam
567 4625 617 4662 om.
642 4607 697 4663 ΟΡ
715 4610 725 4676 ΙΙ
748 4614 782 4662 10
806 4607 878 4662 dixit
902 4608 983 4678 OPll
1007 4617 1039 4663 11
1064 4625 1131 4664 sane
1155 4651 1206 4665 ...
1231 4609 1321 4663 iuriae
1344 4625 1395 4663 om.
1418 4607 1477 4662 ΒΟ
1497 4609 1505 4677 ⁴l

222 4685 254 4733 15
273 4682 310 4735 od
329 4697 353 4733 o.
374 4686 424 4734 697
445 4680 513 4734 Cum
533 4679 622 4750 uenit]
643 4680 693 4732 aut
711 4695 761 4746 pro
780 4696 844 4733 cnm
863 4681 971 4735 ueniret
991 4723 996 4735 .
1013 4723 1041 4735 ..
1063 4680 1185 4735 confusa.
1205 4680 1233 4732 P
1246 4683 1256 4749 11
1274 4682 1323 4734 aut
1340 4681 1374 4734 nt
1391 4680 1505 4746 scripsi.-

221 4751 261 4805 ait
279 4753 311 4806 ut
331 4750 387 4805 GP
403 4755 453 4805 aut
471 4751 609 4805 BLHM
625 4750 660 4818 cs.
680 4749 718 4804 act
731 4749 801 4804 Aen.
816 4749 841 4802 ll
857 4757 908 4804 455
922 4753 932 4820 ΙΙ
948 4757 979 4804 18
999 4771 1111 4806 Avarius
1125 4751 1197 4805 uelis
1212 4749 1295 4820 pictis
1317 4792 1322 4803 .
1339 4792 1367 4805 ..
1387 4768 1505 4804 usurus·

220 4841 273 4882 ava
292 4823 369 4892 (pay.
391 4829 441 4877 196
466 4824 515 4878 liu.
534 4826 561 4887 9)
584 4838 634 4878 om,
656 4818 704 4889 Gt
723 4827 756 4874 22
781 4837 891 4889 semper
914 4837 962 4875 om.
983 4822 1011 4875 B
1033 4825 1042 4886 ΙΙ
1066 4828 1099 4876 23
1119 4821 1204 4876 hodic
1223 4821 1250 4874 B
1269 4823 1279 4890 11
1302 4827 1335 4874 26
1354 4819 1428 4874 unde
1447 4821 1520 4876 He·-

220 4893 378 4950 ratius...
398 4894 453 4948 oris
473 4910 523 4949 om.
546 4893 574 4946 B
596 4894 773 4962 lauspensus
793 4891 827 4945 H
845 4893 907 4962 1126
927 4893 994 4947 atrii
1013 4893 1047 4946 H
1061 4893 1071 4963 ss
1089 4899 1123 4948 27
1142 4892 1211 4964 oris]
1232 4891 1307 4962 agris
1326 4893 1392 4946 libri
1411 4892 1503 4946 Hora·

219 4966 293 5019 ttoni
314 4966 324 5034 ΙΙ
347 4963 426 5036 sane]
446 4966 570 5020 mmcul

1239 5053 1292 5106 13*
