3604 5552
366 454 427 518 112
940 455 1060 510 snuvn

360 618 536 682 oulerrdum
558 623 602 681 est
623 622 711 682 entre
727 619 902 698 pomerium
922 619 1033 702 fuisse,
1055 639 1131 682 nom
1148 618 1185 681 in
1202 616 1447 697 uosnunuuis
1465 617 1650 698 ostenditur,

360 743 429 787 erim
456 728 543 788 entra
566 725 740 805 pomerium
764 725 874 805 fuisse,
900 745 971 789 enin
997 726 1044 788 uit
1071 725 1173 789 Venus
1203 729 1239 788 et
1269 745 1340 805 quo
1372 728 1404 786 te
1434 724 1537 788 ducit
1565 725 1649 801 uia,

360 831 481 913 diripe
503 851 677 912 pressum.
723 851 798 895 nom
824 837 853 896 et
879 833 1047 914 oupruium
1075 833 1102 896 ei
1128 833 1165 896 in
1190 831 1305 913 suun
1328 831 1463 912 pomerii
1490 835 1649 894 ostensiori

360 941 411 1001 est.
465 939 571 1020 [quod]
605 943 633 1002 et
663 939 766 1021 ipsunt
797 938 936 1002 Aeneam
967 939 1194 1020 respondentem
1229 937 1382 1021 nultos
1412 937 1548 1002 declarat
1576 937 1649 1001 siue

326 1062 342 1109 5
361 1045 447 1126 epioe
464 1045 575 1124 fuisse·
596 1045 748 1110 timentem
761 1046 856 1126 enirn,
874 1066 913 1108 ne
925 1045 1088 1126 pioeulurn
1105 1047 1287 1128 incurreret,
1304 1045 1333 1109 si
1350 1047 1449 1126 †ourn
1468 1045 1542 1109 solis
1559 1063 1649 1108 orno»

360 1169 429 1214 sitm
452 1152 534 1214 nurto
556 1153 666 1234 oopite,
688 1152 724 1216 id
744 1153 876 1217 estsine
897 1153 983 1233 epioe
1008 1152 1210 1235 inueniretur,
1237 1152 1284 1216 ito
1311 1151 1478 1233 rosunum
1507 1152 1581 1232 feeit
1611 1155 1649 1214 et

360 1261 461 1322 uueet
486 1259 643 1324 annales
669 1264 882 1324 nostrorum
908 1260 1040 1323 audire
1068 1259 1248 1342 laborum,
1279 1263 1364 1322 onte
1393 1259 1487 1323 diem
1516 1259 1647 1322 clauso

360 1371 547 1447 componet
584 1366 715 1448 Vesper
748 1364 917 1448 Olpnupo;
953 1366 1111 1430 verebatur
1142 1367 1225 1430 enirn
1256 1366 1330 1431 solis
1361 1386 1508 1430 oeeosuni.
1559 1366 1646 1429 nudo

362 1475 464 1535 nutem
485 1472 583 1553 eapite
605 1471 649 1536 ibi
669 1472 766 1552 fuisse
788 1473 973 1556 ostenditur,
995 1473 1048 1536 uli
1069 1474 1118 1536 ait
1136 1473 1280 1538 restitit
1301 1473 1446 1538 Aeneas
1468 1474 1646 1554 cleroque

309 1597 342 1645 10
362 1579 403 1642 in
426 1578 503 1642 luee
524 1578 688 1658 refulsit,
711 1599 749 1643 os
770 1600 981 1660 umerosque
1003 1581 1065 1644 deo
1083 1580 1238 1656 similis·
1262 1601 1416 1662 natuque
1438 1581 1520 1662 ipso
1543 1581 1645 1644 deeo-

360 1705 440 1748 rum
466 1686 667 1750 caesuriem
694 1691 781 1750 noto
805 1688 977 1769 penetriu
1005 1687 1195 1768 lumenque
1221 1687 1392 1752 iuventae
1412 1705 1644 1768 purpureum

361 1796 394 1856 et
417 1791 531 1857 loetos
553 1792 673 1856 oeulis
694 1792 866 1872 adflarat
887 1793 1057 1870 honores;
1080 1815 1175 1876 neque
1196 1795 1278 1859 enirn
1295 1795 1461 1859 eonorieni
1479 1794 1574 1858 dieue
1595 1793 1644 1856 de

361 1899 486 1982 linisset,
514 1899 578 1963 nisi
604 1899 679 1980 quen
705 1900 788 1963 nudo
815 1901 913 1983 eapite
934 1901 1089 1966 incedebat
1110 1901 1239 1966 Aeneas.
1285 1903 1339 1966 secl
1358 1899 1431 1964 tneo
1460 1899 1592 1980 Verpilio
1615 1903 1643 1962 et

360 2004 409 2070 liis
431 2006 551 2070 similia
572 2007 733 2088 sufficiunt
754 2008 798 2071 od
823 2007 1025 2073 indicandum
1052 2009 1191 2072 omniurn
1220 2009 1457 2090 disuplinorurn
1485 2006 1644 2072 seientiam

309 2129 342 2177 15
360 2117 542 2178 nouantem
573 2113 663 2177 alirrd
687 2135 816 2197 ponere,
848 2135 942 2196 neque
969 2116 1162 2196 prurosituru
1188 2115 1276 2180 lubet
1307 2115 1385 2179 tulin
1411 2115 1536 2196 plenius
1562 2133 1642 2178 ense

361 2221 424 2300 proi.
513 2238 582 2284 unu
605 2237 749 2286 uocnnn
772 2222 864 2286 decet
887 2221 973 2286 enim
997 2243 1055 2305 pro
1079 2221 1202 2287 eunetis
1227 2241 1338 2305 regem
1362 2242 1433 2286 esse
1457 2220 1643 2286 sollicitum.

361 2331 390 2390 et
408 2326 480 2392 torre
499 2325 563 2408 ‘per
584 2326 721 2410 nectent,
744 2349 783 2393 ue
801 2352 821 2393 a
837 2329 928 2394 soei-is
950 2349 1025 2410 quos
1048 2329 1112 2410 ipse
1134 2329 1307 2394 eonsolutns
1329 2333 1397 2392 erut
1417 2329 1569 2393 oideretru
1584 2347 1645 2409 per

360 2434 442 2498 ouen
463 2454 609 2498 nsoererrs.

450 2541 525 2604 306.
560 2557 657 2604 snus
682 2541 769 2606 ulma
792 2542 847 2606 lux
871 2541 973 2625 dieta,
996 2541 1081 2626 quod
1106 2542 1174 2606 alet
1192 2541 1355 2624 universa,
1379 2541 1461 2606 unde
1487 2545 1520 2606 et
1543 2541 1645 2606 alme

307 2661 341 2710 20
361 2643 491 2731 Ceres,
515 2648 600 2731 quod
619 2671 679 2713 nos
698 2649 779 2734 elat3
802 2671 879 2714 nam
901 2647 1030 2732 physici
1053 2649 1165 2714 dieunt
1184 2649 1294 2713 omnis
1310 2669 1369 2732 per
1387 2648 1472 2713 diem
1492 2669 1642 2712 creseere.

361 2753 520 2837 quomodo
545 2773 623 2837 ergo
648 2753 815 2838 Vergilius
839 2755 887 2819 nit
910 2756 1051 2841 exigua
1076 2758 1227 2820 tentum
1256 2756 1410 2839 gelidus
1438 2776 1501 2820 ros
1530 2755 1645 2819 noete

360 2860 545 2943 reponet?
570 2861 624 2924 sed
649 2860 711 2926 hoe
733 2883 793 2946 pro
817 2861 973 2926 miraculo
996 2862 1141 2945 positum
1164 2866 1229 2944 est,
1252 2865 1289 2928 ut
1308 2863 1408 2926 etiam
1427 2861 1553 2926 Plinius
1572 2883 1643 2926 sen-

360 2968 412 3031 tit.
501 2983 611 3033 Locos
641 2973 673 3033 et
700 2968 789 3033 loeos
818 2971 851 3032 et
879 2969 951 3033 loen
980 2967 1131 3052 dicimus,
1159 2990 1232 3034 eum
1260 2971 1295 3032 in
1322 2953 1456 3034 numero
1485 2967 1645 3052 singulari

361 3073 451 3137 loeus
480 3077 607 3138 tentum
637 3075 791 3140 dieamus.
838 3075 945 3140 simile
968 3081 1019 3141 est
1047 3079 1080 3140 et
1106 3077 1210 3159 iocus,
1239 3098 1316 3140 nem
1345 3080 1379 3140 et
1406 3075 1477 3140 ioca
1503 3075 1584 3140 feeit
1610 3078 1645 3139 et

310 3194 343 3241 nn
363 3179 440 3262 ioci,
470 3185 508 3245 ut
529 3181 614 3246 ioca
638 3186 753 3266 atque
777 3183 881 3248 reris
909 3205 991 3248 eum
1018 3182 1250 3247 humillimis
1275 3203 1452 3247 exercere
1476 3186 1510 3246 et
1533 3202 1643 3266 quem

363 3286 487 3352 multa
509 3287 596 3353 ioea
618 3290 747 3354 solent
770 3311 855 3355 esse
878 3290 918 3354 in
941 3289 1124 3374 epistolis
1149 3293 1182 3354 et
1203 3293 1283 3355 tum
1306 3289 1466 3353 iuvenes
1490 3288 1644 3372 agitare

360 3395 475 3459 iocos.
578 3475 580 3482 Α

452 3501 526 3566 307.
564 3519 654 3580 oves
678 3520 794 3568 visuro
819 3519 1029 3569 secessurus
1054 3519 1143 3567 onus
1171 3502 1312 3567 diximus
1335 3501 1482 3586 superius
1505 3501 1643 3585 figurem

433 3645 499 3696 2et
516 3641 583 3712 qus]
602 3641 634 3696 A.
654 3641 666 3694 Ι
686 3647 737 3696 101
757 3643 766 3710 ΙΙ
785 3647 801 3695 6
820 3642 850 3696 et
867 3642 961 3712 vacet]
981 3643 1014 3694 A.
1034 3643 1046 3696 Ι
1065 3640 1312 3711 373l9restitit]
1332 3642 1364 3694 A.
1383 3641 1396 3694 Ι
1416 3645 1467 3695 588
1489 3641 1498 3708 ll
1520 3645 1552 3693 19
1571 3638 1643 3693 unde

361 3719 460 3769 et...
480 3713 552 3784 alst]
572 3711 607 3765 el.
626 3711 690 3766 Isid.
711 3711 768 3766 diff.
788 3713 864 3767 verb.
884 3719 936 3767 498
957 3715 966 3782 Ι]
989 3713 1076 3795 ulmo]
1096 3729 1190 3782 georg.
1212 3713 1223 3766 Ι
1243 3719 1258 3766 ‘l
1282 3715 1292 3781 l
1314 3718 1346 3765 21
1368 3712 1413 3765 exi
1453 3711 1483 3782 a]
1503 3727 1599 3781 georg.
1618 3711 1642 3765 ΙΙ

360 3789 411 3838 202
435 3787 444 3852 ll
467 3791 501 3838 23
520 3787 550 3838 et
567 3783 644 3838 loeos
662 3785 692 3837 et
709 3783 773 3838 loeo
792 3799 815 3837 e.
830 3801 856 3851 q.
872 3784 906 3854 s]
933 3785 967 3838 ef.
989 3783 1078 3838 Servh
1098 3782 1214 3855 [Sergii]
1239 3800 1339 3838 comm.
1359 3783 1388 3836 in
1434 3799 1478 3838 on.
1497 3801 1523 3851 p.
1544 3787 1608 3849 432,
1626 3787 1642 3834 2

362 3855 393 3908 ΙΙ.
416 3858 426 3925 ΙΙ
449 3863 483 3909 25
502 3855 577 3926 ioca]
602 3853 670 3908 Sall.
689 3855 749 3924 Ing.
770 3859 812 3920 96,
832 3861 847 3907 2
869 3854 898 3908 ‘i.
919 3872 943 3908 n.
963 3873 984 3908 s.
1003 3872 1025 3909 e.
1045 3854 1072 3908 h.
1093 3855 1187 3925 ugere’
1203 3857 1213 3925 ll
1227 3872 1311 3924 quum
1329 3853 1431 3925 mults]
1451 3851 1506 3908 cic.
1526 3851 1599 3908 Phil.
1618 3851 1643 3906 II

362 3934 387 3996 1,
407 3933 422 3980 ‘l
446 3929 456 3996 ll
479 3933 513 3992 26
531 3925 605 3996 tum]
625 3923 699 3980 Pers.
720 3926 771 3978 set
791 3924 829 3978 VI
848 3931 863 3978 t
885 3925 961 3981 ‘mox
980 3927 997 3979 i.
1016 3943 1042 3980 u.
1061 3925 1092 3982 i.’

434 4057 446 4104 1
467 4068 532 4105 num
564 4051 680 4118 fortasse
703 4049 790 4102 etiem
812 4050 822 4116 ΙΙ
844 4054 860 4102 5
885 4049 961 4120 enm]
985 4049 1101 4116 tortasse
1125 4051 1176 4104 sub
1198 4052 1208 4119 ΙΙ
1231 4067 1332 4105 oeeusu
1357 4050 1513 4104 Mosoieius
1535 4051 1545 4118 ΙΙ
1568 4047 1641 4102 tin-

360 4120 502 4176 veniretur
558 4121 691 4175 unicius:
710 4119 849 4174 inveniret
868 4119 891 4173 0
916 4120 940 4174 si
959 4137 1023 4174 enm
1049 4121 1091 4174 sol
1110 4138 1225 4176 oeeesus
1244 4122 1295 4190 (vel
1314 4120 1392 4188 solis)
1410 4119 1486 4174 nudo
1505 4119 1597 4188 cupite
1614 4117 1642 4172 id

361 4195 404 4247 est
423 4193 483 4246 sine
502 4191 581 4262 epioe
600 4190 740 4246 inveniret
757 4191 940 4245 Burmannus
963 4193 973 4260 ll
998 4198 1029 4246 16
1049 4191 1216 4262 sollicitum,
1235 4194 1268 4247 ut
1285 4191 1361 4261 apud
1378 4191 1529 4246 Homerum
1550 4189 1599 4258 (Il.
1618 4189 1641 4242 11

361 4271 395 4317 24
413 4265 463 4347 sq.)
483 4257 516 4317 οὖ
544 4257 595 4388 xpri
622 4256 779 4329 παννύχιον
800 4255 895 4316 εὕδειν
914 4258 1092 4331 βουληφόρον
1113 4259 1218 4332 ἄνδρα,
1244 4255 1353 4334 ᾦλαοί
1374 4257 1401 4316 τ’
1422 4257 1642 4342 ἐπιτετράφαται

361 4333 410 4389 nul
428 4351 515 4389 τοσσα
539 4336 652 4403 pppis.
672 4333 702 4386 D
723 4334 733 4401 ll
757 4338 790 4387 19
814 4335 852 4388 orl
873 4349 898 4388 u.
918 4339 970 4388 306
993 4333 1089 4404 Almo]
1113 4334 1162 4387 lux
1184 4334 1260 4389 elme
1282 4332 1359 4403 qnod
1382 4333 1442 4387 alst
1463 4335 1493 4387 et
1515 4347 1642 4386 umuersn

360 4406 443 4460 dictu
482 4405 556 4459 unde
581 4403 657 4458 ulma
676 4402 759 4458 Ceres
783 4405 859 4471 quod
882 4421 933 4459 nos
951 4405 1018 4459 alat.
1056 4405 1158 4476 Locos]
1182 4408 1212 4459 et
1229 4405 1307 4460 locos
1326 4407 1355 4459 et
1372 4403 1436 4459 loen
1455 4403 1573 4457 dicimus
1593 4442 1641 4457 ...

360 4480 389 4530 et
405 4476 470 4532 ioci
489 4476 518 4529 P
535 4477 545 4544 l
568 4479 602 4530 20
622 4491 654 4530 eo
673 4474 749 4543 quod
767 4474 793 4526 L
812 4477 823 4544 ll
843 4481 876 4529 22
898 4476 931 4529 ut
948 4474 1035 4530 etium
1053 4476 1157 4544 plinius
1177 4477 1262 4531 sentit
1281 4475 1338 4530 Kl:
1357 4477 1389 4531 ut
1407 4473 1513 4544 plinius
1531 4474 1601 4527 dicit
1617 4472 1642 4524 B

359 4549 392 4602 ut
409 4547 497 4602 etism
515 4545 627 4617 plenius
646 4545 734 4601 sentit
753 4545 817 4598 ΒΗ
841 4549 873 4601 ut
895 4546 981 4601 etium
1004 4547 1109 4618 plinius
1133 4547 1220 4602 sensit
1239 4547 1277 4600 M
1303 4549 1332 4600 et
1355 4545 1476 4615 emplius
1500 4544 1587 4600 sentit
1607 4541 1643 4596 0·

361 4619 451 4687 Supte.
470 4619 546 4674 Dan.
571 4619 581 4687 l
604 4623 638 4672 23
659 4619 689 4672 et
706 4617 784 4672 locos
802 4633 852 4672 oni.
873 4617 900 4670 B
923 4621 932 4686 ll
954 4617 983 4672 in
1003 4635 1052 4672 oui.
1072 4619 1105 4671 K
1124 4620 1134 4686 ΙΙ
1157 4617 1328 4672 redicimus
1347 4617 1379 4670 K
1396 4618 1406 4686 ΙΙ
1430 4615 1521 4670 simile
1540 4618 1584 4670 est

359 4689 426 4760 ioei]
446 4689 486 4746 sio
504 4689 583 4745 ioeus
602 4691 632 4744 et
649 4688 727 4743 iocus
746 4691 776 4743 et
794 4687 870 4742 iocos
890 4693 919 4743 et
935 4689 999 4743 ioca
1018 4689 1045 4742 B
1067 4692 1076 4758 ΙΙ
1099 4697 1133 4743 25
1152 4688 1220 4760 ioci]
1240 4688 1317 4744 iocos
1336 4687 1403 4741 ΕΗ
1421 4690 1432 4757 ΙΙ
1453 4691 1486 4741 ut
1511 4687 1575 4742 ioen

361 4763 522 4816 convertere
542 4763 583 4830 (p.
604 4765 655 4814 113
675 4761 723 4814 lin.
739 4762 766 4826 3)
786 4775 835 4813 orn.
851 4759 878 4812 B
892 4761 901 4828 {l
915 4761 944 4814 et
962 4777 1046 4828 quem
1066 4761 1156 4814 multa
1175 4801 1181 4814 .
1197 4801 1203 4814 .
1219 4801 1225 4813 .
1246 4759 1374 4830 epistolis
1389 4775 1439 4814 om.
1455 4759 1556 4827 111128
1576 4775 1642 4816 evus

359 4851 443 4887 vsuro
462 4850 620 4887 secessurus
639 4849 704 4885 urse
723 4830 782 4884 siue
802 4831 1016 4900 praepositione.
1047 4830 1197 4886 Sallustius
1212 4848 1305 4900 genus
1317 4832 1430 4900 patrum
1446 4829 1642 4884 aduolunntur.

360 4903 487 4973 superius
505 4903 611 4956 dietum
630 4899 654 4954 0
1039 4889 1052 4916 ⁸
