3638 5546
350 467 416 533 336
927 463 1048 521 ssuvss

436 631 486 696 10.
521 613 1011 696 urrosscrurrnsrsnnscsrusus
1036 633 1123 692 aurat
1145 633 1239 711 pocta
1265 649 1343 711 puae
1371 627 1443 712 repit
1473 627 1638 691 umento

344 738 452 820 aluus
475 742 567 820 parte
592 737 639 801 oel
660 737 802 818 personis
829 736 906 817 ipsis
931 735 1029 800 verbis
1052 736 1201 817 proferre.
1243 735 1382 800 Naeuius
1404 736 1486 799 cuim
1508 733 1636 798 inducit

344 865 453 910 rueres
474 843 598 908 Aeneae
624 849 652 907 et
673 843 830 908 Anchisae
853 863 922 906 cum
946 841 1085 906 lanienis
1106 842 1131 905 Ι
1134 843 1212 906 tinne
1233 842 1436 924 relinquentes
1457 840 1507 904 his
1533 839 1638 903 vehes

345 951 532 1016 amborum
563 969 697 1015 recures
724 955 832 1014 noctu
867 951 1025 1015 Troiade
1057 949 1223 1027 exibant,
1254 949 1445 1030 capitibus
1475 947 1636 1029 opertis,

310 1059 479 1139 silentes
505 1059 644 1135 arubae,
671 1057 844 1122 abeuntes
872 1057 1044 1121 lacrimis
1071 1075 1149 1119 cum
1171 1055 1310 1119 multis.
1347 1055 1402 1120 hoc
1423 1056 1480 1118 iste
1501 1053 1637 1117 Amoun

345 1165 445 1229 eodem
472 1165 507 1229 in
535 1169 666 1246 tempore
690 1166 824 1230 arrsdern
850 1165 897 1228 rei
923 1183 1018 1228 causa
1039 1163 1160 1227 inducit
1179 1162 1297 1244 fnisse,
1325 1183 1395 1226 cum
1422 1162 1498 1225 dicit
1520 1159 1637 1224 ‘litora

345 1293 415 1336 euru
436 1271 564 1354 patriae
590 1271 760 1336 lacrimans
784 1275 953 1353 portusque
980 1266 1148 1351 relinquo'.
1184 1273 1214 1332 et
1242 1269 1334 1334 multi
1364 1269 1492 1333 tradunt
1517 1265 1572 1332 hcc
1593 1267 1637 1330 iu

344 1379 445 1460 princo
467 1379 582 1442 elicium
607 1378 743 1443 Troiae
764 1379 808 1442 ab
831 1380 913 1444 oris.

437 1485 486 1549 11.
523 1499 633 1550 cuneos
651 1510 700 1551 rer
712 1512 795 1551 suoru
810 1511 882 1550 rrrr
897 1484 952 1550 hoc
965 1489 1010 1549 est
1021 1485 1102 1567 quood
1114 1486 1162 1550 aa
1175 1483 1240 1567 <3>
1255 1485 1373 1549 omnis
1385 1482 1492 1547 humo
1507 1482 1636 1564 sumat

295 1602 327 1649 1⁰
347 1590 540 1672 Neptunia
569 1592 695 1657 Troia.
789 1609 883 1656 nxvn
911 1592 1003 1676 quusi
1031 1595 1125 1660 trans
1153 1591 1260 1656 solum
1287 1590 1420 1673 missus,
1449 1593 1507 1654 eut
1534 1593 1631 1653 extra

346 1697 451 1761 solum
474 1717 585 1782 vagus

436 1805 486 1869 12.
523 1821 594 1869 cvu
610 1821 718 1871 socns
733 1822 898 1882 ussoovn
914 1823 1109 1870 esufflnvs
1125 1823 1171 1868 nr
1186 1821 1319 1870 usurus
1333 1821 1392 1869 n1s
1407 1803 1469 1869 duo
1483 1803 1631 1868 humana

345 1910 454 1994 posuit
481 1914 514 1975 et
536 1911 600 1976 duo
623 1912 749 1976 divina:
779 1912 882 1996 putris
905 1933 971 1976 non
994 1913 1032 1975 fit
1054 1912 1190 1995 mentio,
1214 1911 1291 1996 quis
1314 1910 1489 1976 seeundum
1512 1909 1631 1996 Vergi-

345 2016 426 2080 lium
456 2015 497 2082 ud
527 2016 659 2081 Italiam
689 2039 755 2082 non
789 2019 888 2084 venit
990 2035 1254 2083 enusuuvsnn
1279 2017 1490 2082 ussu1s'n1s
1520 2016 1629 2082 Varro
1745 2039 1747 2042 ⁴

293 2138 325 2186 10
345 2123 474 2208 quidem
502 2145 601 2188 unum
630 2147 701 2190 esse
729 2125 808 2190 dicit
835 2128 969 2208 penates
997 2129 1030 2189 et
1057 2146 1194 2209 magnos
1224 2124 1316 2208 deos3
1347 2145 1423 2188 nam
1447 2128 1476 2186 et
1497 2123 1532 2187 in
1555 2123 1629 2188 basi

345 2230 548 2295 scribebatur
570 2249 725 2298 usurus
748 2241 843 2297 nus.
872 2236 982 2316 potest
1005 2237 1115 2297 tumen
1137 2232 1198 2297 hoc
1221 2253 1280 2315 pro
1304 2230 1427 2295 honore
1451 2229 1528 2314 dici;
1551 2252 1628 2294 num

345 2337 390 2402 dii
413 2338 525 2423 magni
549 2342 624 2404 suut
646 2335 794 2423 Isppiter
816 2338 898 2403 Iuno
921 2337 1068 2403 Minerva
1090 2336 1278 2403 Mercurius.
1321 2337 1377 2422 qui
1400 2337 1521 2402 Romae
1545 2337 1628 2402 cole·

345 2444 476 2528 buntur,
503 2448 638 2527 penates
665 2465 741 2509 vero
770 2445 854 2528 apud
882 2444 1162 2509 Laurolauinium:
1195 2443 1279 2508 unde
1309 2447 1444 2527 apparet
1466 2465 1532 2507 non
1555 2465 1627 2510 esse

344 2573 454 2614 unum.
489 2551 580 2616 idest
598 2549 698 2617 Varro
711 2552 812 2616 etalii
834 2553 1002 2634 complures
1023 2569 1152 2633 mapms
1173 2551 1243 2615 deos
1265 2552 1436 2633 adfinnant
1456 2551 1627 2615 simulacra

292 2671 326 2719 00
343 2653 406 2722 'eino
433 2657 553 2743 virilia,
586 2656 723 2724 Castoris
749 2663 779 2723 et
806 2657 956 2735 Pollucis,
987 2658 1023 2721 in
1054 2657 1271 2722 Samothracia
1302 2662 1374 2722 ante
1398 2663 1525 2740 portani
1556 2660 1626 2736 sita

343 2764 454 2846 quinis
481 2764 650 2847 nausrepio
673 2765 794 2830 inauri
820 2771 890 2830 uota
916 2765 1078 2830 solinunt.
1113 2766 1172 2829 alii
1198 2767 1268 2830 eleos
1295 2785 1423 2848 nccpnos
1445 2765 1572 2831 Caelum
1589 2785 1627 2828 ac

347 2870 479 2935 Terram
491 2875 663 2952 putantne
675 2892 734 2952 per
750 2871 805 2935 hoc
817 2871 921 2936 Iovene
939 2875 968 2934 et
980 2870 1142 2936 Iunonem.
1178 2873 1225 2936 elii
1233 2876 1361 2954 pennus
1373 2892 1395 2935 a
1408 2871 1626 2966 Samothracia

344 2977 457 3041 subhrti
483 2977 523 3040 ab
545 2976 652 3041 Aurea
680 2978 715 3040 in
741 2977 873 3041 Italiam
899 2979 1017 3042 aduecti
1044 2982 1130 3056 sunt,
1156 2980 1238 3043 eunde
1264 2976 1478 3043 Samothraces
1504 2979 1627 3060 copnati

344 3081 559 3146 Ronnnamnr
586 3101 647 3147 esse
673 3083 825 3146 dicuntur.
874 3103 950 3164 quos
981 3083 1061 3147 iuter
1089 3087 1187 3147 cetera
1218 3084 1284 3148 ideo
1311 3104 1439 3167 ruwnos
1460 3085 1626 3168 appeliant,

416 3298 432 3345 0
451 3291 586 3364 Naevius]
611 3311 637 3362 p.
657 3298 692 3347 40
711 3309 755 3362 up.
776 3292 989 3346 Klussmunnum
1011 3293 1021 3361 ΙΙ
1041 3297 1074 3346 10
1093 3305 1162 3347 rxvu
1176 3336 1183 3348 .
1198 3332 1205 3344 .
1222 3292 1343 3364 sagus]
1363 3309 1450 3348 exscr.
1471 3291 1534 3347 isid.
1553 3293 1624 3364 orig.

344 3361 428 3446 V.²⁷’
442 3369 485 3432 08,
500 3367 529 3418 et
547 3363 645 3434 118411
661 3370 692 3418 19
711 3363 741 3418 id
759 3366 803 3418 est
821 3363 910 3417 Varro
929 3380 953 3417 e.
968 3381 993 3432 q.
1009 3364 1043 3446 s]
1056 3364 1093 3447 ci.
1109 3364 1176 3418 del.
1192 3364 1209 3419 l.
1225 3363 1249 3418 V
1264 3370 1298 3420 58
1316 3367 1373 3447 1100
1393 3364 1433 3418 dii
1451 3367 1622 3434 penates...

345 3434 674 3562 iithhirurhuhhthhioti
690 3435 748 3490 Sat.
763 3435 802 3488 111
816 3441 842 3505 4,
857 3441 872 3488 9
887 3436 896 3504 ΙΙ
910 3439 945 3488 04
967 3451 1036 3502 quos
1054 3437 1129 3489 mter
1147 3437 1257 3490 ceteru.
1270 3477 1293 3492 ..
1313 3435 1458 3507 rediennt]
1478 3435 1513 3491 ei.
1536 3436 1624 3491 schol.

416 3709 432 3757 0
446 3701 528 3757 illum
543 3701 595 3772 Fu
608 3709 625 3756 4
639 3701 743 3757 Troisd
756 3701 789 3757 G.
800 3703 978 3762 Hermanuue
987 3701 1021 3772 hl
1037 3703 1066 3756 et
1079 3701 1161 3756 multi
1177 3743 1218 3758 ...
1233 3702 1269 3756 ab
1284 3702 1339 3757 oris
1352 3703 1442 3757 neseio
1455 3719 1494 3757 an
1507 3703 1545 3758 aa
1558 3723 1624 3758 cuu-

344 3792 391 3828 eos
405 3792 450 3828 vsu
465 3792 545 3828 ruore
559 3794 621 3828 rv1r
635 3774 669 3842 (a.
682 3777 725 3840 11)
736 3777 895 3842 pertineant
908 3773 917 3841 ΙΙ
932 3779 965 3827 10
980 3772 1071 3827 solum
1081 3773 1111 3826 E
1124 3779 1148 3828 et
1163 3775 1249 3829 Isioi:
1264 3775 1353 3828 selum
1364 3773 1395 3827 F
1406 3774 1495 3828 sulum
1506 3774 1602 3828 LEM
1613 3777 1625 3847 h

344 3847 437 3899 estrat
452 3844 486 3898 Η
495 3847 505 3914 ΙΙ
521 3850 552 3899 10
574 3863 712 3904 esurouvs
727 3843 780 3913 ΗΙΙ
795 3853 827 3900 13
848 3843 954 3914 divina]
974 3845 1096 3898 humanu
1110 3843 1177 3899 socii
1196 3847 1225 3899 et
1243 3849 1325 3900 nutus
1344 3844 1440 3899 divine
1458 3847 1575 3914 penates
1594 3849 1625 3900 et

344 3915 384 3970 dii
399 3917 464 3972 adel.
478 3915 629 3970 Fabricius
642 3917 652 3986 h
665 3915 752 3984 putris
768 3959 809 3972 ...
824 3917 903 3971 venit
915 3916 976 3969 hub.
994 3915 1019 3967 Τ
1032 3913 1091 3968 siue
1105 3915 1172 3984 quia
1185 3932 1249 3970 eum
1262 3933 1347 3986 suprs
1360 3918 1566 3970 memoraverat
1574 3918 1624 3971 ud-

344 3987 410 4040 dens
428 3989 437 4057 ΙΙ
456 3992 489 4040 10
508 3987 621 4054 quidem
640 4002 689 4042 one.
709 3987 765 4056 1¹¹ss
786 3993 818 4042 16
837 3986 1030 4052 scribebantur
1048 3986 1074 4039 L
1091 3987 1295 4041 inscribebatur
1314 3987 1368 4040 Me
1385 3989 1395 4056 ΙΙ
1413 3987 1455 4040 dis
1475 3985 1509 4040 H
1512 3989 1549 4041 Μ
1564 3990 1575 4058 fl
1593 3988 1623 4041 hi

344 4057 371 4111 L
390 4057 454 4127 (hoc
472 4059 492 4127 l)
510 4059 520 4127 ΙΙ
539 4075 621 4112 onere
640 4057 673 4111 H
687 4059 697 4128 h
716 4064 749 4112 17
769 4059 798 4112 di
821 4059 855 4112 H
871 4060 881 4126 ΙΙ
899 4057 1039 4112 mineruut
1056 4057 1090 4111 11
1104 4059 1114 4127 h
1132 4062 1166 4112 18
1185 4056 1431 4112 laurumluuinium
1454 4057 1486 4111 F
1501 4059 1623 4114 luurolu·

344 4129 446 4182 uirium
461 4129 493 4182 11
505 4129 515 4197 ΙΙ
531 4134 562 4183 10
581 4128 679 4199 unum]
695 4128 743 4183 sed
757 4130 861 4184 multos
876 4130 990 4199 penates
1005 4129 1069 4182 udi.
1084 4130 1094 4182 l
1107 4131 1224 4198 penates
1238 4130 1319 4184 erunt
1336 4145 1406 4197 quos
1424 4128 1508 4184 domo
1528 4147 1622 4184 seeum

344 4199 491 4268 attulerat,
511 4199 551 4253 dii
568 4200 733 4266 familiarem
753 4201 792 4254 dii
811 4217 877 4255 vero
895 4203 928 4254 ut
945 4199 1104 4254 Palladium
1123 4201 1152 4253 et
1170 4217 1239 4268 qnos
1257 4199 1383 4254 Panthus
1402 4216 1435 4254 ex
1454 4217 1518 4255 aree
1537 4200 1562 4254 ei
1581 4203 1622 4254 ut-

342 4271 449 4325 tulerut
462 4273 526 4325 add.
542 4270 693 4354 Fabricius
705 4273 715 4339 ΙΙ
728 4272 757 4356 iffi
765 4273 825 4354 091]
841 4271 1034 4353 ἰάοωΙΒαπιέῐ
1047 4272 1056 4340 ΙΙ
1070 4271 1158 4354 Vurro
1169 4312 1175 4324 .
1187 4314 1194 4326 .
1205 4311 1211 4324 .
1222 4271 1381 4352 solyebunt]
1398 4269 1521 4324 affirmet
1538 4287 1621 4354 uarro

343 4341 1452 4482 territt„⁸sttttttttstttttt3ttttstttettptt
1463 4345 1622 4468 utut

342 4499 430 4554 supro
447 4501 552 4539 aarum
570 4485 713 4553 adscripto
730 4491 796 4541 erent
812 4487 845 4538 in
865 4486 911 4554 ΤΙΙ
925 4490 958 4537 00
973 4487 1084 4553 portum
1099 4484 1225 4552 Danieli!
1240 4491 1272 4536 01
1293 4483 1342 4537 ulii
1362 4523 1412 4538 ...
1432 4483 1535 4553 aperiri
1553 4484 1621 4538 dici·

343 4559 389 4609 tur
406 4559 439 4610 in
456 4557 552 4610 dextro
570 4557 694 4625 marpine
710 4557 772 4610 hub,
792 4555 830 4622 F,
849 4573 881 4610 ea
899 4571 968 4624 quae
982 4556 1108 4624 proxime
1126 4557 1288 4610 antecedunt
1305 4557 1338 4608 in
1350 4556 1463 4609 sinistro
1476 4555 1487 4624 fl
1500 4562 1534 4608 00
1553 4555 1620 4626 hoe]

343 4627 394 4681 hos
419 4627 575 4681 Mescinius
599 4628 608 4696 h
632 4634 665 4681 04
688 4644 757 4696 quos
780 4627 854 4681 inter
877 4629 969 4681 cetera
983 4666 990 4677 .
1006 4666 1035 4680 ..
1055 4625 1149 4682 videre
1171 4625 1214 4679 ins
1238 4624 1310 4680 nulli
1328 4625 1376 4696 sit]
1400 4629 1516 4694 penates
1535 4625 1621 4680 etium

343 4697 438 4768 magni
462 4698 502 4751 dii
527 4698 632 4753 idcireo
655 4700 828 4752 uocabantur
845 4697 913 4766 quis
929 4697 1112 4766 imperatores
1128 4697 1246 4770 petituri
1265 4696 1423 4766 prouincias
1442 4696 1562 4765 primum
1581 4697 1621 4751 eis

342 4769 529 4824 immolabunt
551 4787 668 4838 quorum
692 4786 794 4823 nomeu
812 4786 893 4823 nemo
912 4767 1019 4824 sciebat
1036 4785 1195 4836 quanquam
1214 4767 1435 4837 praesentissimi
1453 4768 1622 4822 haberentur

344 4843 372 4895 et
394 4841 563 4896 sentirentur
586 4857 656 4910 qnos
678 4841 786 4894 romani
809 4839 920 4910 penitus
939 4839 968 4894 in
987 4840 1064 4894 cultu
1083 4841 1220 4894 haberent
1237 4855 1306 4908 quos
1328 4839 1424 4893 uidere
1443 4839 1548 4893 nemini
1566 4838 1622 4894 nisi

343 4913 481 4968 sacerdoti
500 4913 541 4966 lus
559 4913 621 4966 erut
637 4912 698 4966 hab.
721 4911 746 4964 Τ
762 4913 793 4965 iu
811 4928 896 4982 murp.
